%YAML 1.1
%TAG !u! tag:unity3d.com,2011:
--- !u!1 &3420213907987827560
GameObject:
  m_ObjectHideFlags: 0
  m_CorrespondingSourceObject: {fileID: 0}
  m_PrefabInstance: {fileID: 0}
  m_PrefabAsset: {fileID: 0}
  serializedVersion: 6
  m_Component:
  - component: {fileID: 4574019151188852073}
  - component: {fileID: 1465441400487141276}
  - component: {fileID: 6390115820675803317}
  - component: {fileID: 5759292056167195112}
  - component: {fileID: 7210732232691946857}
  - component: {fileID: 6032280925803249781}
  m_Layer: 9
  m_Name: SandWich
  m_TagString: Untagged
  m_Icon: {fileID: 0}
  m_NavMeshLayer: 0
  m_StaticEditorFlags: 0
  m_IsActive: 1
--- !u!4 &4574019151188852073
Transform:
  m_ObjectHideFlags: 0
  m_CorrespondingSourceObject: {fileID: 0}
  m_PrefabInstance: {fileID: 0}
  m_PrefabAsset: {fileID: 0}
  m_GameObject: {fileID: 3420213907987827560}
  m_LocalRotation: {x: -0.7071068, y: -0, z: -0, w: 0.7071067}
  m_LocalPosition: {x: 0.033005446, y: 0.05097361, z: 0.030058034}
  m_LocalScale: {x: 1, y: 1, z: 1}
  m_Children:
  - {fileID: 7109618518714916706}
  m_Father: {fileID: 8605535118031562625}
  m_RootOrder: 0
  m_LocalEulerAnglesHint: {x: 0, y: 0, z: 0}
--- !u!33 &1465441400487141276
MeshFilter:
  m_ObjectHideFlags: 0
  m_CorrespondingSourceObject: {fileID: 0}
  m_PrefabInstance: {fileID: 0}
  m_PrefabAsset: {fileID: 0}
  m_GameObject: {fileID: 3420213907987827560}
  m_Mesh: {fileID: -8464097798704764358, guid: b5b1aa4df3b7446468fe3f8185a7bd99, type: 3}
--- !u!23 &6390115820675803317
MeshRenderer:
  m_ObjectHideFlags: 0
  m_CorrespondingSourceObject: {fileID: 0}
  m_PrefabInstance: {fileID: 0}
  m_PrefabAsset: {fileID: 0}
  m_GameObject: {fileID: 3420213907987827560}
  m_Enabled: 1
  m_CastShadows: 1
  m_ReceiveShadows: 1
  m_DynamicOccludee: 1
  m_MotionVectors: 1
  m_LightProbeUsage: 1
  m_ReflectionProbeUsage: 1
  m_RayTracingMode: 2
  m_RenderingLayerMask: 1
  m_RendererPriority: 0
  m_Materials:
  - {fileID: -563087162461414072, guid: b5b1aa4df3b7446468fe3f8185a7bd99, type: 3}
  - {fileID: 2238796764414207470, guid: b5b1aa4df3b7446468fe3f8185a7bd99, type: 3}
  - {fileID: -5394389700884203794, guid: b5b1aa4df3b7446468fe3f8185a7bd99, type: 3}
  - {fileID: -7720851650173870308, guid: b5b1aa4df3b7446468fe3f8185a7bd99, type: 3}
  m_StaticBatchInfo:
    firstSubMesh: 0
    subMeshCount: 0
  m_StaticBatchRoot: {fileID: 0}
  m_ProbeAnchor: {fileID: 0}
  m_LightProbeVolumeOverride: {fileID: 0}
  m_ScaleInLightmap: 1
  m_ReceiveGI: 1
  m_PreserveUVs: 0
  m_IgnoreNormalsForChartDetection: 0
  m_ImportantGI: 0
  m_StitchLightmapSeams: 1
  m_SelectedEditorRenderState: 3
  m_MinimumChartSize: 4
  m_AutoUVMaxDistance: 0.5
  m_AutoUVMaxAngle: 89
  m_LightmapParameters: {fileID: 0}
  m_SortingLayerID: 0
  m_SortingLayer: 0
  m_SortingOrder: 0
--- !u!64 &5759292056167195112
MeshCollider:
  m_ObjectHideFlags: 0
  m_CorrespondingSourceObject: {fileID: 0}
  m_PrefabInstance: {fileID: 0}
  m_PrefabAsset: {fileID: 0}
  m_GameObject: {fileID: 3420213907987827560}
  m_Material: {fileID: 0}
  m_IsTrigger: 0
  m_Enabled: 1
  serializedVersion: 4
  m_Convex: 1
  m_CookingOptions: 30
  m_Mesh: {fileID: -8464097798704764358, guid: b5b1aa4df3b7446468fe3f8185a7bd99, type: 3}
--- !u!54 &7210732232691946857
Rigidbody:
  m_ObjectHideFlags: 0
  m_CorrespondingSourceObject: {fileID: 0}
  m_PrefabInstance: {fileID: 0}
  m_PrefabAsset: {fileID: 0}
  m_GameObject: {fileID: 3420213907987827560}
  serializedVersion: 2
  m_Mass: 1
  m_Drag: 0.3
  m_AngularDrag: 0.3
  m_UseGravity: 1
  m_IsKinematic: 0
  m_Interpolate: 0
  m_Constraints: 0
  m_CollisionDetection: 3
--- !u!114 &6032280925803249781
MonoBehaviour:
  m_ObjectHideFlags: 0
  m_CorrespondingSourceObject: {fileID: 0}
  m_PrefabInstance: {fileID: 0}
  m_PrefabAsset: {fileID: 0}
  m_GameObject: {fileID: 3420213907987827560}
  m_Enabled: 1
  m_EditorHideFlags: 0
  m_Script: {fileID: 11500000, guid: 02c7efa0fe214ae4297ab3339836cc31, type: 3}
  m_Name: 
  m_EditorClassIdentifier: 
--- !u!1 &4699041394432234898
GameObject:
  m_ObjectHideFlags: 0
  m_CorrespondingSourceObject: {fileID: 0}
  m_PrefabInstance: {fileID: 0}
  m_PrefabAsset: {fileID: 0}
  serializedVersion: 6
  m_Component:
  - component: {fileID: 8605535118031562625}
  - component: {fileID: 1162813901910665883}
  m_Layer: 0
  m_Name: Sandwich
  m_TagString: Untagged
  m_Icon: {fileID: 0}
  m_NavMeshLayer: 0
  m_StaticEditorFlags: 0
  m_IsActive: 1
--- !u!4 &8605535118031562625
Transform:
  m_ObjectHideFlags: 0
  m_CorrespondingSourceObject: {fileID: 0}
  m_PrefabInstance: {fileID: 0}
  m_PrefabAsset: {fileID: 0}
  m_GameObject: {fileID: 4699041394432234898}
  m_LocalRotation: {x: 0, y: 0, z: 0, w: 1}
  m_LocalPosition: {x: 0, y: 0.19, z: 0}
  m_LocalScale: {x: 0.25, y: 0.25, z: 0.25}
  m_Children:
  - {fileID: 4574019151188852073}
  - {fileID: 5777537238322087631}
  - {fileID: 807776357064475618}
  m_Father: {fileID: 0}
  m_RootOrder: 0
  m_LocalEulerAnglesHint: {x: 0, y: 0, z: 0}
--- !u!114 &1162813901910665883
MonoBehaviour:
  m_ObjectHideFlags: 0
  m_CorrespondingSourceObject: {fileID: 0}
  m_PrefabInstance: {fileID: 0}
  m_PrefabAsset: {fileID: 0}
  m_GameObject: {fileID: 4699041394432234898}
  m_Enabled: 1
  m_EditorHideFlags: 0
  m_Script: {fileID: 11500000, guid: f93428cd8ebc0a74da015484196cf8bb, type: 3}
  m_Name: 
  m_EditorClassIdentifier: 
  itemMaterial: 4
  attachmentPointTemplate: {fileID: 8814622139619343384, guid: 74905258b8668db4d862294f5a13b447,
    type: 3}
  configuredAttachmentPoints:
  - {fileID: 2692561931922329580}
  - {fileID: 662742508579431592}
  minSellAmount: 0
  maxSellAmount: 0
  assemblePositionHeight: 3
  attachmentPointScale: 0.5
--- !u!1 &5592707616093229085
GameObject:
  m_ObjectHideFlags: 0
  m_CorrespondingSourceObject: {fileID: 0}
  m_PrefabInstance: {fileID: 0}
  m_PrefabAsset: {fileID: 0}
  serializedVersion: 6
  m_Component:
  - component: {fileID: 807776357064475618}
  m_Layer: 0
  m_Name: AttachmentPoint
  m_TagString: AttachmentPoint
  m_Icon: {fileID: -5442936267250999957, guid: 0000000000000000d000000000000000, type: 0}
  m_NavMeshLayer: 0
  m_StaticEditorFlags: 0
  m_IsActive: 0
--- !u!4 &807776357064475618
Transform:
  m_ObjectHideFlags: 0
  m_CorrespondingSourceObject: {fileID: 0}
  m_PrefabInstance: {fileID: 0}
  m_PrefabAsset: {fileID: 0}
  m_GameObject: {fileID: 5592707616093229085}
  m_LocalRotation: {x: -0, y: 0.39428115, z: -0, w: 0.9189899}
  m_LocalPosition: {x: 0.0948, y: 0, z: 0.0727}
  m_LocalScale: {x: 1, y: 1, z: 1}
  m_Children: []
  m_Father: {fileID: 8605535118031562625}
  m_RootOrder: 2
  m_LocalEulerAnglesHint: {x: 0, y: 46.442, z: 0}
--- !u!1 &7370941763442751456
GameObject:
  m_ObjectHideFlags: 0
  m_CorrespondingSourceObject: {fileID: 0}
  m_PrefabInstance: {fileID: 0}
  m_PrefabAsset: {fileID: 0}
  serializedVersion: 6
  m_Component:
  - component: {fileID: 5777537238322087631}
  - component: {fileID: 268876815862840064}
  - component: {fileID: 344567405897172831}
  - component: {fileID: 5688303575264859676}
  - component: {fileID: 6832431732660884081}
  - component: {fileID: 4660440515821454346}
  m_Layer: 9
  m_Name: SandwichBite
  m_TagString: Untagged
  m_Icon: {fileID: 0}
  m_NavMeshLayer: 0
  m_StaticEditorFlags: 0
  m_IsActive: 1
--- !u!4 &5777537238322087631
Transform:
  m_ObjectHideFlags: 0
  m_CorrespondingSourceObject: {fileID: 0}
  m_PrefabInstance: {fileID: 0}
  m_PrefabAsset: {fileID: 0}
  m_GameObject: {fileID: 7370941763442751456}
  m_LocalRotation: {x: -0.7071068, y: -0, z: -0, w: 0.7071067}
  m_LocalPosition: {x: 0.13708282, y: 0.05107382, z: 0.11899273}
  m_LocalScale: {x: 1, y: 1, z: 1}
  m_Children:
  - {fileID: 5675976288777499686}
  m_Father: {fileID: 8605535118031562625}
  m_RootOrder: 1
  m_LocalEulerAnglesHint: {x: 0, y: 0, z: 0}
--- !u!33 &268876815862840064
MeshFilter:
  m_ObjectHideFlags: 0
  m_CorrespondingSourceObject: {fileID: 0}
  m_PrefabInstance: {fileID: 0}
  m_PrefabAsset: {fileID: 0}
  m_GameObject: {fileID: 7370941763442751456}
  m_Mesh: {fileID: -6703564113292644778, guid: b5b1aa4df3b7446468fe3f8185a7bd99, type: 3}
--- !u!23 &344567405897172831
MeshRenderer:
  m_ObjectHideFlags: 0
  m_CorrespondingSourceObject: {fileID: 0}
  m_PrefabInstance: {fileID: 0}
  m_PrefabAsset: {fileID: 0}
  m_GameObject: {fileID: 7370941763442751456}
  m_Enabled: 1
  m_CastShadows: 1
  m_ReceiveShadows: 1
  m_DynamicOccludee: 1
  m_MotionVectors: 1
  m_LightProbeUsage: 1
  m_ReflectionProbeUsage: 1
  m_RayTracingMode: 2
  m_RenderingLayerMask: 1
  m_RendererPriority: 0
  m_Materials:
  - {fileID: -563087162461414072, guid: b5b1aa4df3b7446468fe3f8185a7bd99, type: 3}
  - {fileID: 2238796764414207470, guid: b5b1aa4df3b7446468fe3f8185a7bd99, type: 3}
  - {fileID: -5394389700884203794, guid: b5b1aa4df3b7446468fe3f8185a7bd99, type: 3}
  - {fileID: -7720851650173870308, guid: b5b1aa4df3b7446468fe3f8185a7bd99, type: 3}
  m_StaticBatchInfo:
    firstSubMesh: 0
    subMeshCount: 0
  m_StaticBatchRoot: {fileID: 0}
  m_ProbeAnchor: {fileID: 0}
  m_LightProbeVolumeOverride: {fileID: 0}
  m_ScaleInLightmap: 1
  m_ReceiveGI: 1
  m_PreserveUVs: 0
  m_IgnoreNormalsForChartDetection: 0
  m_ImportantGI: 0
  m_StitchLightmapSeams: 1
  m_SelectedEditorRenderState: 3
  m_MinimumChartSize: 4
  m_AutoUVMaxDistance: 0.5
  m_AutoUVMaxAngle: 89
  m_LightmapParameters: {fileID: 0}
  m_SortingLayerID: 0
  m_SortingLayer: 0
  m_SortingOrder: 0
--- !u!64 &5688303575264859676
MeshCollider:
  m_ObjectHideFlags: 0
  m_CorrespondingSourceObject: {fileID: 0}
  m_PrefabInstance: {fileID: 0}
  m_PrefabAsset: {fileID: 0}
  m_GameObject: {fileID: 7370941763442751456}
  m_Material: {fileID: 0}
  m_IsTrigger: 0
  m_Enabled: 1
  serializedVersion: 4
  m_Convex: 1
  m_CookingOptions: 30
  m_Mesh: {fileID: -6703564113292644778, guid: b5b1aa4df3b7446468fe3f8185a7bd99, type: 3}
--- !u!54 &6832431732660884081
Rigidbody:
  m_ObjectHideFlags: 0
  m_CorrespondingSourceObject: {fileID: 0}
  m_PrefabInstance: {fileID: 0}
  m_PrefabAsset: {fileID: 0}
  m_GameObject: {fileID: 7370941763442751456}
  serializedVersion: 2
  m_Mass: 1
  m_Drag: 0.3
  m_AngularDrag: 0.3
  m_UseGravity: 1
  m_IsKinematic: 0
  m_Interpolate: 0
  m_Constraints: 0
  m_CollisionDetection: 3
--- !u!114 &4660440515821454346
MonoBehaviour:
  m_ObjectHideFlags: 0
  m_CorrespondingSourceObject: {fileID: 0}
  m_PrefabInstance: {fileID: 0}
  m_PrefabAsset: {fileID: 0}
  m_GameObject: {fileID: 7370941763442751456}
  m_Enabled: 1
  m_EditorHideFlags: 0
  m_Script: {fileID: 11500000, guid: 02c7efa0fe214ae4297ab3339836cc31, type: 3}
  m_Name: 
  m_EditorClassIdentifier: 
--- !u!1001 &6849468080971953140
PrefabInstance:
  m_ObjectHideFlags: 0
  serializedVersion: 2
  m_Modification:
    m_TransformParent: {fileID: 5777537238322087631}
    m_Modifications:
    - target: {fileID: 428870785229440584, guid: 74905258b8668db4d862294f5a13b447,
        type: 3}
      propertyPath: m_Name
      value: AttachmentPoint
      objectReference: {fileID: 0}
    - target: {fileID: 1282167659058350034, guid: 74905258b8668db4d862294f5a13b447,
        type: 3}
      propertyPath: m_LocalPosition.x
      value: -0.042282812
      objectReference: {fileID: 0}
    - target: {fileID: 1282167659058350034, guid: 74905258b8668db4d862294f5a13b447,
        type: 3}
      propertyPath: m_LocalPosition.y
      value: 0.046292737
      objectReference: {fileID: 0}
    - target: {fileID: 1282167659058350034, guid: 74905258b8668db4d862294f5a13b447,
        type: 3}
      propertyPath: m_LocalPosition.z
      value: -0.051073812
      objectReference: {fileID: 0}
    - target: {fileID: 1282167659058350034, guid: 74905258b8668db4d862294f5a13b447,
        type: 3}
      propertyPath: m_LocalRotation.x
      value: 0.6498239
      objectReference: {fileID: 0}
    - target: {fileID: 1282167659058350034, guid: 74905258b8668db4d862294f5a13b447,
        type: 3}
      propertyPath: m_LocalRotation.y
      value: 0.27879888
      objectReference: {fileID: 0}
    - target: {fileID: 1282167659058350034, guid: 74905258b8668db4d862294f5a13b447,
        type: 3}
      propertyPath: m_LocalRotation.z
      value: -0.27879885
      objectReference: {fileID: 0}
    - target: {fileID: 1282167659058350034, guid: 74905258b8668db4d862294f5a13b447,
        type: 3}
      propertyPath: m_LocalRotation.w
      value: -0.649824
      objectReference: {fileID: 0}
    - target: {fileID: 1282167659058350034, guid: 74905258b8668db4d862294f5a13b447,
        type: 3}
      propertyPath: m_RootOrder
      value: 0
      objectReference: {fileID: 0}
    - target: {fileID: 1282167659058350034, guid: 74905258b8668db4d862294f5a13b447,
        type: 3}
      propertyPath: m_LocalEulerAnglesHint.x
      value: 0
      objectReference: {fileID: 0}
    - target: {fileID: 1282167659058350034, guid: 74905258b8668db4d862294f5a13b447,
        type: 3}
      propertyPath: m_LocalEulerAnglesHint.y
      value: 0
      objectReference: {fileID: 0}
    - target: {fileID: 1282167659058350034, guid: 74905258b8668db4d862294f5a13b447,
        type: 3}
      propertyPath: m_LocalEulerAnglesHint.z
      value: 0
      objectReference: {fileID: 0}
    - target: {fileID: 1282167659058350034, guid: 74905258b8668db4d862294f5a13b447,
        type: 3}
      propertyPath: m_LocalScale.x
      value: 0.5
      objectReference: {fileID: 0}
    - target: {fileID: 1282167659058350034, guid: 74905258b8668db4d862294f5a13b447,
        type: 3}
      propertyPath: m_LocalScale.y
      value: 0.5
      objectReference: {fileID: 0}
    - target: {fileID: 1282167659058350034, guid: 74905258b8668db4d862294f5a13b447,
        type: 3}
      propertyPath: m_LocalScale.z
      value: 0.5
      objectReference: {fileID: 0}
    - target: {fileID: 8814622139619343384, guid: 74905258b8668db4d862294f5a13b447,
        type: 3}
      propertyPath: correctAttachment
      value: 
      objectReference: {fileID: 662742508579431592}
    m_RemovedComponents: []
  m_SourcePrefab: {fileID: 100100000, guid: 74905258b8668db4d862294f5a13b447, type: 3}
--- !u!4 &5675976288777499686 stripped
Transform:
  m_CorrespondingSourceObject: {fileID: 1282167659058350034, guid: 74905258b8668db4d862294f5a13b447,
    type: 3}
  m_PrefabInstance: {fileID: 6849468080971953140}
  m_PrefabAsset: {fileID: 0}
--- !u!114 &2692561931922329580 stripped
MonoBehaviour:
  m_CorrespondingSourceObject: {fileID: 8814622139619343384, guid: 74905258b8668db4d862294f5a13b447,
    type: 3}
  m_PrefabInstance: {fileID: 6849468080971953140}
  m_PrefabAsset: {fileID: 0}
  m_GameObject: {fileID: 0}
  m_Enabled: 1
  m_EditorHideFlags: 0
  m_Script: {fileID: 11500000, guid: b46793bc3c3fcf94aa14dd5e0a4fcef5, type: 3}
  m_Name: 
  m_EditorClassIdentifier: 
--- !u!1001 &8314028566725548208
PrefabInstance:
  m_ObjectHideFlags: 0
  serializedVersion: 2
  m_Modification:
    m_TransformParent: {fileID: 4574019151188852073}
    m_Modifications:
    - target: {fileID: 428870785229440584, guid: 74905258b8668db4d862294f5a13b447,
        type: 3}
      propertyPath: m_Name
      value: AttachmentPoint
      objectReference: {fileID: 0}
    - target: {fileID: 1282167659058350034, guid: 74905258b8668db4d862294f5a13b447,
        type: 3}
      propertyPath: m_LocalPosition.x
      value: 0.061794557
      objectReference: {fileID: 0}
    - target: {fileID: 1282167659058350034, guid: 74905258b8668db4d862294f5a13b447,
        type: 3}
      propertyPath: m_LocalPosition.y
      value: -0.042641956
      objectReference: {fileID: 0}
    - target: {fileID: 1282167659058350034, guid: 74905258b8668db4d862294f5a13b447,
        type: 3}
      propertyPath: m_LocalPosition.z
      value: -0.05097361
      objectReference: {fileID: 0}
    - target: {fileID: 1282167659058350034, guid: 74905258b8668db4d862294f5a13b447,
        type: 3}
      propertyPath: m_LocalRotation.x
      value: 0.649824
      objectReference: {fileID: 0}
    - target: {fileID: 1282167659058350034, guid: 74905258b8668db4d862294f5a13b447,
        type: 3}
      propertyPath: m_LocalRotation.y
      value: 0.27879885
      objectReference: {fileID: 0}
    - target: {fileID: 1282167659058350034, guid: 74905258b8668db4d862294f5a13b447,
        type: 3}
      propertyPath: m_LocalRotation.z
      value: 0.27879888
      objectReference: {fileID: 0}
    - target: {fileID: 1282167659058350034, guid: 74905258b8668db4d862294f5a13b447,
        type: 3}
      propertyPath: m_LocalRotation.w
      value: 0.6498239
      objectReference: {fileID: 0}
    - target: {fileID: 1282167659058350034, guid: 74905258b8668db4d862294f5a13b447,
        type: 3}
      propertyPath: m_RootOrder
      value: 0
      objectReference: {fileID: 0}
    - target: {fileID: 1282167659058350034, guid: 74905258b8668db4d862294f5a13b447,
        type: 3}
      propertyPath: m_LocalEulerAnglesHint.x
      value: 0
      objectReference: {fileID: 0}
    - target: {fileID: 1282167659058350034, guid: 74905258b8668db4d862294f5a13b447,
        type: 3}
      propertyPath: m_LocalEulerAnglesHint.y
      value: 0
      objectReference: {fileID: 0}
    - target: {fileID: 1282167659058350034, guid: 74905258b8668db4d862294f5a13b447,
        type: 3}
      propertyPath: m_LocalEulerAnglesHint.z
      value: 0
      objectReference: {fileID: 0}
    - target: {fileID: 1282167659058350034, guid: 74905258b8668db4d862294f5a13b447,
        type: 3}
      propertyPath: m_LocalScale.x
      value: 0.5
      objectReference: {fileID: 0}
    - target: {fileID: 1282167659058350034, guid: 74905258b8668db4d862294f5a13b447,
        type: 3}
      propertyPath: m_LocalScale.y
      value: 0.5
      objectReference: {fileID: 0}
    - target: {fileID: 1282167659058350034, guid: 74905258b8668db4d862294f5a13b447,
        type: 3}
      propertyPath: m_LocalScale.z
      value: 0.5
      objectReference: {fileID: 0}
    - target: {fileID: 8814622139619343384, guid: 74905258b8668db4d862294f5a13b447,
        type: 3}
      propertyPath: correctAttachment
      value: 
      objectReference: {fileID: 2692561931922329580}
    m_RemovedComponents: []
  m_SourcePrefab: {fileID: 100100000, guid: 74905258b8668db4d862294f5a13b447, type: 3}
--- !u!4 &7109618518714916706 stripped
Transform:
  m_CorrespondingSourceObject: {fileID: 1282167659058350034, guid: 74905258b8668db4d862294f5a13b447,
    type: 3}
  m_PrefabInstance: {fileID: 8314028566725548208}
  m_PrefabAsset: {fileID: 0}
--- !u!114 &662742508579431592 stripped
MonoBehaviour:
  m_CorrespondingSourceObject: {fileID: 8814622139619343384, guid: 74905258b8668db4d862294f5a13b447,
    type: 3}
  m_PrefabInstance: {fileID: 8314028566725548208}
  m_PrefabAsset: {fileID: 0}
  m_GameObject: {fileID: 0}
  m_Enabled: 1
  m_EditorHideFlags: 0
  m_Script: {fileID: 11500000, guid: b46793bc3c3fcf94aa14dd5e0a4fcef5, type: 3}
  m_Name: 
  m_EditorClassIdentifier: 
