%YAML 1.1
%TAG !u! tag:unity3d.com,2011:
--- !u!1 &236050121984972580
GameObject:
  m_ObjectHideFlags: 0
  m_CorrespondingSourceObject: {fileID: 0}
  m_PrefabInstance: {fileID: 0}
  m_PrefabAsset: {fileID: 0}
  serializedVersion: 6
  m_Component:
  - component: {fileID: 2015901958042330168}
  m_Layer: 0
  m_Name: AttachmentPoint (5)
  m_TagString: AttachmentPoint
  m_Icon: {fileID: -5442936267250999957, guid: 0000000000000000d000000000000000, type: 0}
  m_NavMeshLayer: 0
  m_StaticEditorFlags: 0
  m_IsActive: 0
--- !u!4 &2015901958042330168
Transform:
  m_ObjectHideFlags: 0
  m_CorrespondingSourceObject: {fileID: 0}
  m_PrefabInstance: {fileID: 0}
  m_PrefabAsset: {fileID: 0}
  m_GameObject: {fileID: 236050121984972580}
  m_LocalRotation: {x: -0.7071068, y: 0, z: 0, w: 0.7071068}
  m_LocalPosition: {x: 0, y: 1.386, z: 0.011}
  m_LocalScale: {x: 1, y: 1, z: 1}
  m_Children: []
  m_Father: {fileID: 4049557742181315842}
  m_RootOrder: 10
  m_LocalEulerAnglesHint: {x: -90, y: 0, z: 0}
--- !u!1 &319148383734531529
GameObject:
  m_ObjectHideFlags: 0
  m_CorrespondingSourceObject: {fileID: 0}
  m_PrefabInstance: {fileID: 0}
  m_PrefabAsset: {fileID: 0}
  serializedVersion: 6
  m_Component:
  - component: {fileID: 3124658000697680206}
  m_Layer: 0
  m_Name: AttachmentPoint (3)
  m_TagString: AttachmentPoint
  m_Icon: {fileID: -5442936267250999957, guid: 0000000000000000d000000000000000, type: 0}
  m_NavMeshLayer: 0
  m_StaticEditorFlags: 0
  m_IsActive: 0
--- !u!4 &3124658000697680206
Transform:
  m_ObjectHideFlags: 0
  m_CorrespondingSourceObject: {fileID: 0}
  m_PrefabInstance: {fileID: 0}
  m_PrefabAsset: {fileID: 0}
  m_GameObject: {fileID: 319148383734531529}
  m_LocalRotation: {x: 1, y: 0, z: 0, w: 0}
  m_LocalPosition: {x: 0, y: 1.785, z: -0.305}
  m_LocalScale: {x: 1, y: 1, z: 1}
  m_Children: []
  m_Father: {fileID: 4049557742181315842}
  m_RootOrder: 8
  m_LocalEulerAnglesHint: {x: 180, y: 0, z: 0}
--- !u!1 &1038557552032384785
GameObject:
  m_ObjectHideFlags: 0
  m_CorrespondingSourceObject: {fileID: 0}
  m_PrefabInstance: {fileID: 0}
  m_PrefabAsset: {fileID: 0}
  serializedVersion: 6
  m_Component:
  - component: {fileID: 4049557742181315842}
  - component: {fileID: 2783659597031310233}
  m_Layer: 0
  m_Name: Statue
  m_TagString: Untagged
  m_Icon: {fileID: 0}
  m_NavMeshLayer: 0
  m_StaticEditorFlags: 0
  m_IsActive: 1
--- !u!4 &4049557742181315842
Transform:
  m_ObjectHideFlags: 0
  m_CorrespondingSourceObject: {fileID: 0}
  m_PrefabInstance: {fileID: 0}
  m_PrefabAsset: {fileID: 0}
  m_GameObject: {fileID: 1038557552032384785}
  m_LocalRotation: {x: 0, y: 0, z: 0, w: 1}
  m_LocalPosition: {x: 0, y: 0, z: 0}
  m_LocalScale: {x: 1, y: 1, z: 1}
  m_Children:
  - {fileID: 1179702002073550332}
  - {fileID: 1435927168137365393}
  - {fileID: 795480170739902656}
  - {fileID: 3044303216598283047}
  - {fileID: 164198324372716490}
  - {fileID: 3264347721109621856}
  - {fileID: 8778863334691325628}
  - {fileID: 456766898945127275}
  - {fileID: 3124658000697680206}
  - {fileID: 3034533882241966304}
  - {fileID: 2015901958042330168}
  m_Father: {fileID: 0}
  m_RootOrder: 0
  m_LocalEulerAnglesHint: {x: 0, y: 0, z: 0}
--- !u!114 &2783659597031310233
MonoBehaviour:
  m_ObjectHideFlags: 0
  m_CorrespondingSourceObject: {fileID: 0}
  m_PrefabInstance: {fileID: 0}
  m_PrefabAsset: {fileID: 0}
  m_GameObject: {fileID: 1038557552032384785}
  m_Enabled: 1
  m_EditorHideFlags: 0
  m_Script: {fileID: 11500000, guid: f93428cd8ebc0a74da015484196cf8bb, type: 3}
  m_Name: 
  m_EditorClassIdentifier: 
  itemMaterial: 2
  attachmentPointTemplate: {fileID: 8814622139619343384, guid: 74905258b8668db4d862294f5a13b447,
    type: 3}
  configuredAttachmentPoints:
  - {fileID: 1270158026157057183}
  - {fileID: 7015772485835308354}
  - {fileID: 1112892708985628220}
  - {fileID: 1106128089431921698}
  - {fileID: 2441026419476346902}
  - {fileID: 6703715395990862996}
  - {fileID: 4920355605660420328}
  - {fileID: 2851287586333744693}
  - {fileID: 2236059895634842251}
  - {fileID: 1198129640246545095}
  minSellAmount: 5.4
  maxSellAmount: 243.4
  assemblePositionHeight: 3
  attachmentPointScale: 1
--- !u!1 &1481204750958280680
GameObject:
  m_ObjectHideFlags: 0
  m_CorrespondingSourceObject: {fileID: 0}
  m_PrefabInstance: {fileID: 0}
  m_PrefabAsset: {fileID: 0}
  serializedVersion: 6
  m_Component:
  - component: {fileID: 3835134265700710683}
  - component: {fileID: 3797774857526843072}
  - component: {fileID: 962174584890140287}
  - component: {fileID: 2026142942113480570}
  m_Layer: 9
  m_Name: Statue.003
  m_TagString: Untagged
  m_Icon: {fileID: 0}
  m_NavMeshLayer: 0
  m_StaticEditorFlags: 0
  m_IsActive: 1
--- !u!4 &3835134265700710683
Transform:
  m_ObjectHideFlags: 0
  m_CorrespondingSourceObject: {fileID: 0}
  m_PrefabInstance: {fileID: 0}
  m_PrefabAsset: {fileID: 0}
  m_GameObject: {fileID: 1481204750958280680}
  m_LocalRotation: {x: -0.7071068, y: -0, z: -0, w: 0.7071067}
  m_LocalPosition: {x: 0, y: -0.43474817, z: 0}
  m_LocalScale: {x: 1, y: 1, z: 1}
  m_Children: []
  m_Father: {fileID: 1435927168137365393}
  m_RootOrder: 1
  m_LocalEulerAnglesHint: {x: 0, y: 0, z: 0}
--- !u!23 &3797774857526843072
MeshRenderer:
  m_ObjectHideFlags: 0
  m_CorrespondingSourceObject: {fileID: 0}
  m_PrefabInstance: {fileID: 0}
  m_PrefabAsset: {fileID: 0}
  m_GameObject: {fileID: 1481204750958280680}
  m_Enabled: 1
  m_CastShadows: 1
  m_ReceiveShadows: 1
  m_DynamicOccludee: 1
  m_MotionVectors: 1
  m_LightProbeUsage: 1
  m_ReflectionProbeUsage: 1
  m_RenderingLayerMask: 1
  m_RendererPriority: 0
  m_Materials:
  - {fileID: 2100000, guid: 08cd75ebee5532049b1e8868174552bc, type: 2}
  m_StaticBatchInfo:
    firstSubMesh: 0
    subMeshCount: 0
  m_StaticBatchRoot: {fileID: 0}
  m_ProbeAnchor: {fileID: 0}
  m_LightProbeVolumeOverride: {fileID: 0}
  m_ScaleInLightmap: 1
  m_ReceiveGI: 1
  m_PreserveUVs: 0
  m_IgnoreNormalsForChartDetection: 0
  m_ImportantGI: 0
  m_StitchLightmapSeams: 1
  m_SelectedEditorRenderState: 3
  m_MinimumChartSize: 4
  m_AutoUVMaxDistance: 0.5
  m_AutoUVMaxAngle: 89
  m_LightmapParameters: {fileID: 0}
  m_SortingLayerID: 0
  m_SortingLayer: 0
  m_SortingOrder: 0
--- !u!64 &962174584890140287
MeshCollider:
  m_ObjectHideFlags: 0
  m_CorrespondingSourceObject: {fileID: 0}
  m_PrefabInstance: {fileID: 0}
  m_PrefabAsset: {fileID: 0}
  m_GameObject: {fileID: 1481204750958280680}
  m_Material: {fileID: 0}
  m_IsTrigger: 0
  m_Enabled: 1
  serializedVersion: 3
  m_Convex: 1
  m_CookingOptions: 14
  m_Mesh: {fileID: 4412463230988235158, guid: 0ada7011515a42e46a0d123d79ad8b93, type: 3}
--- !u!33 &2026142942113480570
MeshFilter:
  m_ObjectHideFlags: 0
  m_CorrespondingSourceObject: {fileID: 0}
  m_PrefabInstance: {fileID: 0}
  m_PrefabAsset: {fileID: 0}
  m_GameObject: {fileID: 1481204750958280680}
  m_Mesh: {fileID: 4412463230988235158, guid: 0ada7011515a42e46a0d123d79ad8b93, type: 3}
--- !u!1 &1910151692875570332
GameObject:
  m_ObjectHideFlags: 0
  m_CorrespondingSourceObject: {fileID: 0}
  m_PrefabInstance: {fileID: 0}
  m_PrefabAsset: {fileID: 0}
  serializedVersion: 6
  m_Component:
  - component: {fileID: 1435927168137365393}
  - component: {fileID: 5181006768972220200}
  - component: {fileID: 3706447242836475474}
  m_Layer: 9
  m_Name: Statue
  m_TagString: Untagged
  m_Icon: {fileID: 0}
  m_NavMeshLayer: 0
  m_StaticEditorFlags: 0
  m_IsActive: 1
--- !u!4 &1435927168137365393
Transform:
  m_ObjectHideFlags: 0
  m_CorrespondingSourceObject: {fileID: 0}
  m_PrefabInstance: {fileID: 0}
  m_PrefabAsset: {fileID: 0}
  m_GameObject: {fileID: 1910151692875570332}
  m_LocalRotation: {x: 0, y: 0, z: 0, w: 1}
  m_LocalPosition: {x: 0, y: 2.5740976, z: 0}
  m_LocalScale: {x: 1, y: 1, z: 1}
  m_Children:
  - {fileID: 8452461870650577994}
  - {fileID: 3835134265700710683}
  - {fileID: 3445365631755154210}
  m_Father: {fileID: 4049557742181315842}
  m_RootOrder: 1
  m_LocalEulerAnglesHint: {x: 0, y: 0, z: 0}
--- !u!54 &5181006768972220200
Rigidbody:
  m_ObjectHideFlags: 0
  m_CorrespondingSourceObject: {fileID: 0}
  m_PrefabInstance: {fileID: 0}
  m_PrefabAsset: {fileID: 0}
  m_GameObject: {fileID: 1910151692875570332}
  serializedVersion: 2
  m_Mass: 1
  m_Drag: 0.3
  m_AngularDrag: 0.3
  m_UseGravity: 1
  m_IsKinematic: 0
  m_Interpolate: 0
  m_Constraints: 0
  m_CollisionDetection: 0
--- !u!114 &3706447242836475474
MonoBehaviour:
  m_ObjectHideFlags: 0
  m_CorrespondingSourceObject: {fileID: 0}
  m_PrefabInstance: {fileID: 0}
  m_PrefabAsset: {fileID: 0}
  m_GameObject: {fileID: 1910151692875570332}
  m_Enabled: 1
  m_EditorHideFlags: 0
  m_Script: {fileID: 11500000, guid: 02c7efa0fe214ae4297ab3339836cc31, type: 3}
  m_Name: 
  m_EditorClassIdentifier: 
--- !u!1 &1977010657090885413
GameObject:
  m_ObjectHideFlags: 0
  m_CorrespondingSourceObject: {fileID: 0}
  m_PrefabInstance: {fileID: 0}
  m_PrefabAsset: {fileID: 0}
  serializedVersion: 6
  m_Component:
  - component: {fileID: 8452461870650577994}
  - component: {fileID: 7897701344405413846}
  - component: {fileID: 8698368716994110657}
  - component: {fileID: 5006751108956962971}
  m_Layer: 9
  m_Name: Statue.002
  m_TagString: Untagged
  m_Icon: {fileID: 0}
  m_NavMeshLayer: 0
  m_StaticEditorFlags: 0
  m_IsActive: 1
--- !u!4 &8452461870650577994
Transform:
  m_ObjectHideFlags: 0
  m_CorrespondingSourceObject: {fileID: 0}
  m_PrefabInstance: {fileID: 0}
  m_PrefabAsset: {fileID: 0}
  m_GameObject: {fileID: 1977010657090885413}
  m_LocalRotation: {x: -0.7071068, y: -0, z: -0, w: 0.7071067}
  m_LocalPosition: {x: 0, y: 0, z: 0}
  m_LocalScale: {x: 1, y: 1, z: 1}
  m_Children: []
  m_Father: {fileID: 1435927168137365393}
  m_RootOrder: 0
  m_LocalEulerAnglesHint: {x: 0, y: 0, z: 0}
--- !u!23 &7897701344405413846
MeshRenderer:
  m_ObjectHideFlags: 0
  m_CorrespondingSourceObject: {fileID: 0}
  m_PrefabInstance: {fileID: 0}
  m_PrefabAsset: {fileID: 0}
  m_GameObject: {fileID: 1977010657090885413}
  m_Enabled: 1
  m_CastShadows: 1
  m_ReceiveShadows: 1
  m_DynamicOccludee: 1
  m_MotionVectors: 1
  m_LightProbeUsage: 1
  m_ReflectionProbeUsage: 1
  m_RenderingLayerMask: 1
  m_RendererPriority: 0
  m_Materials:
  - {fileID: 2100000, guid: 08cd75ebee5532049b1e8868174552bc, type: 2}
  m_StaticBatchInfo:
    firstSubMesh: 0
    subMeshCount: 0
  m_StaticBatchRoot: {fileID: 0}
  m_ProbeAnchor: {fileID: 0}
  m_LightProbeVolumeOverride: {fileID: 0}
  m_ScaleInLightmap: 1
  m_ReceiveGI: 1
  m_PreserveUVs: 0
  m_IgnoreNormalsForChartDetection: 0
  m_ImportantGI: 0
  m_StitchLightmapSeams: 1
  m_SelectedEditorRenderState: 3
  m_MinimumChartSize: 4
  m_AutoUVMaxDistance: 0.5
  m_AutoUVMaxAngle: 89
  m_LightmapParameters: {fileID: 0}
  m_SortingLayerID: 0
  m_SortingLayer: 0
  m_SortingOrder: 0
--- !u!64 &8698368716994110657
MeshCollider:
  m_ObjectHideFlags: 0
  m_CorrespondingSourceObject: {fileID: 0}
  m_PrefabInstance: {fileID: 0}
  m_PrefabAsset: {fileID: 0}
  m_GameObject: {fileID: 1977010657090885413}
  m_Material: {fileID: 0}
  m_IsTrigger: 0
  m_Enabled: 1
  serializedVersion: 3
  m_Convex: 1
  m_CookingOptions: 14
  m_Mesh: {fileID: -5114998508189735879, guid: 0ada7011515a42e46a0d123d79ad8b93, type: 3}
--- !u!33 &5006751108956962971
MeshFilter:
  m_ObjectHideFlags: 0
  m_CorrespondingSourceObject: {fileID: 0}
  m_PrefabInstance: {fileID: 0}
  m_PrefabAsset: {fileID: 0}
  m_GameObject: {fileID: 1977010657090885413}
  m_Mesh: {fileID: -5114998508189735879, guid: 0ada7011515a42e46a0d123d79ad8b93, type: 3}
--- !u!1 &2243324812623965801
GameObject:
  m_ObjectHideFlags: 0
  m_CorrespondingSourceObject: {fileID: 0}
  m_PrefabInstance: {fileID: 0}
  m_PrefabAsset: {fileID: 0}
  serializedVersion: 6
  m_Component:
  - component: {fileID: 3044303216598283047}
  - component: {fileID: 7217613027783942143}
  - component: {fileID: 1781899063170933005}
  - component: {fileID: 6253808209317650307}
  - component: {fileID: 6876543292822508207}
  - component: {fileID: 6039114270507486071}
  m_Layer: 9
  m_Name: Statue.006
  m_TagString: Untagged
  m_Icon: {fileID: 0}
  m_NavMeshLayer: 0
  m_StaticEditorFlags: 0
  m_IsActive: 1
--- !u!4 &3044303216598283047
Transform:
  m_ObjectHideFlags: 0
  m_CorrespondingSourceObject: {fileID: 0}
  m_PrefabInstance: {fileID: 0}
  m_PrefabAsset: {fileID: 0}
  m_GameObject: {fileID: 2243324812623965801}
  m_LocalRotation: {x: -0.7071068, y: -0, z: -0, w: 0.7071067}
  m_LocalPosition: {x: 0, y: 1.3231845, z: -0.45523202}
  m_LocalScale: {x: 1, y: 1, z: 1}
  m_Children:
  - {fileID: 3931810912653870942}
  m_Father: {fileID: 4049557742181315842}
  m_RootOrder: 3
  m_LocalEulerAnglesHint: {x: 0, y: 0, z: 0}
--- !u!33 &7217613027783942143
MeshFilter:
  m_ObjectHideFlags: 0
  m_CorrespondingSourceObject: {fileID: 0}
  m_PrefabInstance: {fileID: 0}
  m_PrefabAsset: {fileID: 0}
  m_GameObject: {fileID: 2243324812623965801}
  m_Mesh: {fileID: 6041527565531020954, guid: 0ada7011515a42e46a0d123d79ad8b93, type: 3}
--- !u!23 &1781899063170933005
MeshRenderer:
  m_ObjectHideFlags: 0
  m_CorrespondingSourceObject: {fileID: 0}
  m_PrefabInstance: {fileID: 0}
  m_PrefabAsset: {fileID: 0}
  m_GameObject: {fileID: 2243324812623965801}
  m_Enabled: 1
  m_CastShadows: 1
  m_ReceiveShadows: 1
  m_DynamicOccludee: 1
  m_MotionVectors: 1
  m_LightProbeUsage: 1
  m_ReflectionProbeUsage: 1
  m_RenderingLayerMask: 1
  m_RendererPriority: 0
  m_Materials:
  - {fileID: 2100000, guid: 08cd75ebee5532049b1e8868174552bc, type: 2}
  m_StaticBatchInfo:
    firstSubMesh: 0
    subMeshCount: 0
  m_StaticBatchRoot: {fileID: 0}
  m_ProbeAnchor: {fileID: 0}
  m_LightProbeVolumeOverride: {fileID: 0}
  m_ScaleInLightmap: 1
  m_ReceiveGI: 1
  m_PreserveUVs: 0
  m_IgnoreNormalsForChartDetection: 0
  m_ImportantGI: 0
  m_StitchLightmapSeams: 1
  m_SelectedEditorRenderState: 3
  m_MinimumChartSize: 4
  m_AutoUVMaxDistance: 0.5
  m_AutoUVMaxAngle: 89
  m_LightmapParameters: {fileID: 0}
  m_SortingLayerID: 0
  m_SortingLayer: 0
  m_SortingOrder: 0
--- !u!64 &6253808209317650307
MeshCollider:
  m_ObjectHideFlags: 0
  m_CorrespondingSourceObject: {fileID: 0}
  m_PrefabInstance: {fileID: 0}
  m_PrefabAsset: {fileID: 0}
  m_GameObject: {fileID: 2243324812623965801}
  m_Material: {fileID: 0}
  m_IsTrigger: 0
  m_Enabled: 1
  serializedVersion: 3
  m_Convex: 1
  m_CookingOptions: 14
  m_Mesh: {fileID: 6041527565531020954, guid: 0ada7011515a42e46a0d123d79ad8b93, type: 3}
--- !u!54 &6876543292822508207
Rigidbody:
  m_ObjectHideFlags: 0
  m_CorrespondingSourceObject: {fileID: 0}
  m_PrefabInstance: {fileID: 0}
  m_PrefabAsset: {fileID: 0}
  m_GameObject: {fileID: 2243324812623965801}
  serializedVersion: 2
  m_Mass: 1
  m_Drag: 0.3
  m_AngularDrag: 0.3
  m_UseGravity: 1
  m_IsKinematic: 0
  m_Interpolate: 0
  m_Constraints: 0
  m_CollisionDetection: 0
--- !u!114 &6039114270507486071
MonoBehaviour:
  m_ObjectHideFlags: 0
  m_CorrespondingSourceObject: {fileID: 0}
  m_PrefabInstance: {fileID: 0}
  m_PrefabAsset: {fileID: 0}
  m_GameObject: {fileID: 2243324812623965801}
  m_Enabled: 1
  m_EditorHideFlags: 0
  m_Script: {fileID: 11500000, guid: 02c7efa0fe214ae4297ab3339836cc31, type: 3}
  m_Name: 
  m_EditorClassIdentifier: 
--- !u!1 &2788792485125211142
GameObject:
  m_ObjectHideFlags: 0
  m_CorrespondingSourceObject: {fileID: 0}
  m_PrefabInstance: {fileID: 0}
  m_PrefabAsset: {fileID: 0}
  serializedVersion: 6
  m_Component:
  - component: {fileID: 795480170739902656}
  - component: {fileID: 6740118710250835797}
  - component: {fileID: 8087061381872222119}
  m_Layer: 9
  m_Name: Statue
  m_TagString: Untagged
  m_Icon: {fileID: 0}
  m_NavMeshLayer: 0
  m_StaticEditorFlags: 0
  m_IsActive: 1
--- !u!4 &795480170739902656
Transform:
  m_ObjectHideFlags: 0
  m_CorrespondingSourceObject: {fileID: 0}
  m_PrefabInstance: {fileID: 0}
  m_PrefabAsset: {fileID: 0}
  m_GameObject: {fileID: 2788792485125211142}
  m_LocalRotation: {x: 0, y: 0, z: 0, w: 1}
  m_LocalPosition: {x: -0.00008368829, y: 1.8996843, z: 0}
  m_LocalScale: {x: 1, y: 1, z: 1}
  m_Children:
  - {fileID: 6839315463370329980}
  - {fileID: 5946931491698112082}
  - {fileID: 5366245713285743580}
  - {fileID: 5478970211744900607}
  - {fileID: 8399473012023814465}
  m_Father: {fileID: 4049557742181315842}
  m_RootOrder: 2
  m_LocalEulerAnglesHint: {x: 0, y: 0, z: 0}
--- !u!54 &6740118710250835797
Rigidbody:
  m_ObjectHideFlags: 0
  m_CorrespondingSourceObject: {fileID: 0}
  m_PrefabInstance: {fileID: 0}
  m_PrefabAsset: {fileID: 0}
  m_GameObject: {fileID: 2788792485125211142}
  serializedVersion: 2
  m_Mass: 1
  m_Drag: 0.3
  m_AngularDrag: 0.3
  m_UseGravity: 1
  m_IsKinematic: 0
  m_Interpolate: 0
  m_Constraints: 0
  m_CollisionDetection: 0
--- !u!114 &8087061381872222119
MonoBehaviour:
  m_ObjectHideFlags: 0
  m_CorrespondingSourceObject: {fileID: 0}
  m_PrefabInstance: {fileID: 0}
  m_PrefabAsset: {fileID: 0}
  m_GameObject: {fileID: 2788792485125211142}
  m_Enabled: 1
  m_EditorHideFlags: 0
  m_Script: {fileID: 11500000, guid: 02c7efa0fe214ae4297ab3339836cc31, type: 3}
  m_Name: 
  m_EditorClassIdentifier: 
--- !u!1 &3564861782729985226
GameObject:
  m_ObjectHideFlags: 0
  m_CorrespondingSourceObject: {fileID: 0}
  m_PrefabInstance: {fileID: 0}
  m_PrefabAsset: {fileID: 0}
  serializedVersion: 6
  m_Component:
  - component: {fileID: 9190451518285752409}
  - component: {fileID: 9195575897651959189}
  - component: {fileID: 1201662300759326974}
  - component: {fileID: 1288078847674775038}
  m_Layer: 9
  m_Name: Statue.008
  m_TagString: Untagged
  m_Icon: {fileID: 0}
  m_NavMeshLayer: 0
  m_StaticEditorFlags: 0
  m_IsActive: 1
--- !u!4 &9190451518285752409
Transform:
  m_ObjectHideFlags: 0
  m_CorrespondingSourceObject: {fileID: 0}
  m_PrefabInstance: {fileID: 0}
  m_PrefabAsset: {fileID: 0}
  m_GameObject: {fileID: 3564861782729985226}
  m_LocalRotation: {x: -0.7071068, y: -0, z: -0, w: 0.7071067}
  m_LocalPosition: {x: 0, y: 0.26832882, z: 0.22316799}
  m_LocalScale: {x: 1, y: 1, z: 1}
  m_Children: []
  m_Father: {fileID: 1179702002073550332}
  m_RootOrder: 1
  m_LocalEulerAnglesHint: {x: 0, y: 0, z: 0}
--- !u!33 &9195575897651959189
MeshFilter:
  m_ObjectHideFlags: 0
  m_CorrespondingSourceObject: {fileID: 0}
  m_PrefabInstance: {fileID: 0}
  m_PrefabAsset: {fileID: 0}
  m_GameObject: {fileID: 3564861782729985226}
  m_Mesh: {fileID: 3924226408102841340, guid: 0ada7011515a42e46a0d123d79ad8b93, type: 3}
--- !u!23 &1201662300759326974
MeshRenderer:
  m_ObjectHideFlags: 0
  m_CorrespondingSourceObject: {fileID: 0}
  m_PrefabInstance: {fileID: 0}
  m_PrefabAsset: {fileID: 0}
  m_GameObject: {fileID: 3564861782729985226}
  m_Enabled: 1
  m_CastShadows: 1
  m_ReceiveShadows: 1
  m_DynamicOccludee: 1
  m_MotionVectors: 1
  m_LightProbeUsage: 1
  m_ReflectionProbeUsage: 1
  m_RenderingLayerMask: 1
  m_RendererPriority: 0
  m_Materials:
  - {fileID: 2100000, guid: 08cd75ebee5532049b1e8868174552bc, type: 2}
  m_StaticBatchInfo:
    firstSubMesh: 0
    subMeshCount: 0
  m_StaticBatchRoot: {fileID: 0}
  m_ProbeAnchor: {fileID: 0}
  m_LightProbeVolumeOverride: {fileID: 0}
  m_ScaleInLightmap: 1
  m_ReceiveGI: 1
  m_PreserveUVs: 0
  m_IgnoreNormalsForChartDetection: 0
  m_ImportantGI: 0
  m_StitchLightmapSeams: 1
  m_SelectedEditorRenderState: 3
  m_MinimumChartSize: 4
  m_AutoUVMaxDistance: 0.5
  m_AutoUVMaxAngle: 89
  m_LightmapParameters: {fileID: 0}
  m_SortingLayerID: 0
  m_SortingLayer: 0
  m_SortingOrder: 0
--- !u!64 &1288078847674775038
MeshCollider:
  m_ObjectHideFlags: 0
  m_CorrespondingSourceObject: {fileID: 0}
  m_PrefabInstance: {fileID: 0}
  m_PrefabAsset: {fileID: 0}
  m_GameObject: {fileID: 3564861782729985226}
  m_Material: {fileID: 0}
  m_IsTrigger: 0
  m_Enabled: 1
  serializedVersion: 3
  m_Convex: 1
  m_CookingOptions: 14
  m_Mesh: {fileID: 3924226408102841340, guid: 0ada7011515a42e46a0d123d79ad8b93, type: 3}
--- !u!1 &3742122161925943484
GameObject:
  m_ObjectHideFlags: 0
  m_CorrespondingSourceObject: {fileID: 0}
  m_PrefabInstance: {fileID: 0}
  m_PrefabAsset: {fileID: 0}
  serializedVersion: 6
  m_Component:
  - component: {fileID: 8778863334691325628}
  m_Layer: 0
  m_Name: AttachmentPoint
  m_TagString: AttachmentPoint
  m_Icon: {fileID: -5442936267250999957, guid: 0000000000000000d000000000000000, type: 0}
  m_NavMeshLayer: 0
  m_StaticEditorFlags: 0
  m_IsActive: 0
--- !u!4 &8778863334691325628
Transform:
  m_ObjectHideFlags: 0
  m_CorrespondingSourceObject: {fileID: 0}
  m_PrefabInstance: {fileID: 0}
  m_PrefabAsset: {fileID: 0}
  m_GameObject: {fileID: 3742122161925943484}
  m_LocalRotation: {x: -0.7071068, y: -0, z: -0, w: 0.7071068}
  m_LocalPosition: {x: 0, y: 0.701, z: 0.191}
  m_LocalScale: {x: 1, y: 1, z: 1}
  m_Children: []
  m_Father: {fileID: 4049557742181315842}
  m_RootOrder: 6
  m_LocalEulerAnglesHint: {x: -90, y: 0, z: 0}
--- !u!1 &3891267579310941366
GameObject:
  m_ObjectHideFlags: 0
  m_CorrespondingSourceObject: {fileID: 0}
  m_PrefabInstance: {fileID: 0}
  m_PrefabAsset: {fileID: 0}
  serializedVersion: 6
  m_Component:
  - component: {fileID: 6839315463370329980}
  - component: {fileID: 2982935772985643089}
  - component: {fileID: 4263313233417492983}
  - component: {fileID: 1361510167181386470}
  m_Layer: 9
  m_Name: Statue.004
  m_TagString: Untagged
  m_Icon: {fileID: 0}
  m_NavMeshLayer: 0
  m_StaticEditorFlags: 0
  m_IsActive: 1
--- !u!4 &6839315463370329980
Transform:
  m_ObjectHideFlags: 0
  m_CorrespondingSourceObject: {fileID: 0}
  m_PrefabInstance: {fileID: 0}
  m_PrefabAsset: {fileID: 0}
  m_GameObject: {fileID: 3891267579310941366}
  m_LocalRotation: {x: -0.7071068, y: -0, z: -0, w: 0.7071067}
  m_LocalPosition: {x: 0, y: 0, z: 0}
  m_LocalScale: {x: 1, y: 1, z: 1}
  m_Children: []
  m_Father: {fileID: 795480170739902656}
  m_RootOrder: 0
  m_LocalEulerAnglesHint: {x: 0, y: 0, z: 0}
--- !u!33 &2982935772985643089
MeshFilter:
  m_ObjectHideFlags: 0
  m_CorrespondingSourceObject: {fileID: 0}
  m_PrefabInstance: {fileID: 0}
  m_PrefabAsset: {fileID: 0}
  m_GameObject: {fileID: 3891267579310941366}
  m_Mesh: {fileID: 3981314605831378339, guid: 0ada7011515a42e46a0d123d79ad8b93, type: 3}
--- !u!23 &4263313233417492983
MeshRenderer:
  m_ObjectHideFlags: 0
  m_CorrespondingSourceObject: {fileID: 0}
  m_PrefabInstance: {fileID: 0}
  m_PrefabAsset: {fileID: 0}
  m_GameObject: {fileID: 3891267579310941366}
  m_Enabled: 1
  m_CastShadows: 1
  m_ReceiveShadows: 1
  m_DynamicOccludee: 1
  m_MotionVectors: 1
  m_LightProbeUsage: 1
  m_ReflectionProbeUsage: 1
  m_RenderingLayerMask: 1
  m_RendererPriority: 0
  m_Materials:
  - {fileID: 2100000, guid: 08cd75ebee5532049b1e8868174552bc, type: 2}
  m_StaticBatchInfo:
    firstSubMesh: 0
    subMeshCount: 0
  m_StaticBatchRoot: {fileID: 0}
  m_ProbeAnchor: {fileID: 0}
  m_LightProbeVolumeOverride: {fileID: 0}
  m_ScaleInLightmap: 1
  m_ReceiveGI: 1
  m_PreserveUVs: 0
  m_IgnoreNormalsForChartDetection: 0
  m_ImportantGI: 0
  m_StitchLightmapSeams: 1
  m_SelectedEditorRenderState: 3
  m_MinimumChartSize: 4
  m_AutoUVMaxDistance: 0.5
  m_AutoUVMaxAngle: 89
  m_LightmapParameters: {fileID: 0}
  m_SortingLayerID: 0
  m_SortingLayer: 0
  m_SortingOrder: 0
--- !u!64 &1361510167181386470
MeshCollider:
  m_ObjectHideFlags: 0
  m_CorrespondingSourceObject: {fileID: 0}
  m_PrefabInstance: {fileID: 0}
  m_PrefabAsset: {fileID: 0}
  m_GameObject: {fileID: 3891267579310941366}
  m_Material: {fileID: 0}
  m_IsTrigger: 0
  m_Enabled: 1
  serializedVersion: 3
  m_Convex: 1
  m_CookingOptions: 14
  m_Mesh: {fileID: 3981314605831378339, guid: 0ada7011515a42e46a0d123d79ad8b93, type: 3}
--- !u!1 &3961081143395510236
GameObject:
  m_ObjectHideFlags: 0
  m_CorrespondingSourceObject: {fileID: 0}
  m_PrefabInstance: {fileID: 0}
  m_PrefabAsset: {fileID: 0}
  serializedVersion: 6
  m_Component:
  - component: {fileID: 5946931491698112082}
  - component: {fileID: 7766748835518260245}
  - component: {fileID: 8631269172195767097}
  - component: {fileID: 5464009732398529012}
  m_Layer: 9
  m_Name: Statue.005
  m_TagString: Untagged
  m_Icon: {fileID: 0}
  m_NavMeshLayer: 0
  m_StaticEditorFlags: 0
  m_IsActive: 1
--- !u!4 &5946931491698112082
Transform:
  m_ObjectHideFlags: 0
  m_CorrespondingSourceObject: {fileID: 0}
  m_PrefabInstance: {fileID: 0}
  m_PrefabAsset: {fileID: 0}
  m_GameObject: {fileID: 3961081143395510236}
  m_LocalRotation: {x: -0.7071068, y: -0, z: -0, w: 0.7071067}
  m_LocalPosition: {x: 0.00008368829, y: -0.5764998, z: 0.45523202}
  m_LocalScale: {x: 1, y: 1, z: 1}
  m_Children: []
  m_Father: {fileID: 795480170739902656}
  m_RootOrder: 1
  m_LocalEulerAnglesHint: {x: 0, y: 0, z: 0}
--- !u!33 &7766748835518260245
MeshFilter:
  m_ObjectHideFlags: 0
  m_CorrespondingSourceObject: {fileID: 0}
  m_PrefabInstance: {fileID: 0}
  m_PrefabAsset: {fileID: 0}
  m_GameObject: {fileID: 3961081143395510236}
  m_Mesh: {fileID: -642099452963335606, guid: 0ada7011515a42e46a0d123d79ad8b93, type: 3}
--- !u!23 &8631269172195767097
MeshRenderer:
  m_ObjectHideFlags: 0
  m_CorrespondingSourceObject: {fileID: 0}
  m_PrefabInstance: {fileID: 0}
  m_PrefabAsset: {fileID: 0}
  m_GameObject: {fileID: 3961081143395510236}
  m_Enabled: 1
  m_CastShadows: 1
  m_ReceiveShadows: 1
  m_DynamicOccludee: 1
  m_MotionVectors: 1
  m_LightProbeUsage: 1
  m_ReflectionProbeUsage: 1
  m_RenderingLayerMask: 1
  m_RendererPriority: 0
  m_Materials:
  - {fileID: 2100000, guid: 08cd75ebee5532049b1e8868174552bc, type: 2}
  m_StaticBatchInfo:
    firstSubMesh: 0
    subMeshCount: 0
  m_StaticBatchRoot: {fileID: 0}
  m_ProbeAnchor: {fileID: 0}
  m_LightProbeVolumeOverride: {fileID: 0}
  m_ScaleInLightmap: 1
  m_ReceiveGI: 1
  m_PreserveUVs: 0
  m_IgnoreNormalsForChartDetection: 0
  m_ImportantGI: 0
  m_StitchLightmapSeams: 1
  m_SelectedEditorRenderState: 3
  m_MinimumChartSize: 4
  m_AutoUVMaxDistance: 0.5
  m_AutoUVMaxAngle: 89
  m_LightmapParameters: {fileID: 0}
  m_SortingLayerID: 0
  m_SortingLayer: 0
  m_SortingOrder: 0
--- !u!64 &5464009732398529012
MeshCollider:
  m_ObjectHideFlags: 0
  m_CorrespondingSourceObject: {fileID: 0}
  m_PrefabInstance: {fileID: 0}
  m_PrefabAsset: {fileID: 0}
  m_GameObject: {fileID: 3961081143395510236}
  m_Material: {fileID: 0}
  m_IsTrigger: 0
  m_Enabled: 1
  serializedVersion: 3
  m_Convex: 1
  m_CookingOptions: 14
  m_Mesh: {fileID: -642099452963335606, guid: 0ada7011515a42e46a0d123d79ad8b93, type: 3}
--- !u!1 &6317117690841339487
GameObject:
  m_ObjectHideFlags: 0
  m_CorrespondingSourceObject: {fileID: 0}
  m_PrefabInstance: {fileID: 0}
  m_PrefabAsset: {fileID: 0}
  serializedVersion: 6
  m_Component:
  - component: {fileID: 6281404657585035187}
  - component: {fileID: 4879447990770023831}
  - component: {fileID: 2430897496879684540}
  - component: {fileID: 5022183668009119153}
  m_Layer: 9
  m_Name: Statue.001
  m_TagString: Untagged
  m_Icon: {fileID: 0}
  m_NavMeshLayer: 0
  m_StaticEditorFlags: 0
  m_IsActive: 1
--- !u!4 &6281404657585035187
Transform:
  m_ObjectHideFlags: 0
  m_CorrespondingSourceObject: {fileID: 0}
  m_PrefabInstance: {fileID: 0}
  m_PrefabAsset: {fileID: 0}
  m_GameObject: {fileID: 6317117690841339487}
  m_LocalRotation: {x: -0.7071068, y: -0, z: -0, w: 0.7071067}
  m_LocalPosition: {x: 0, y: 0, z: 0}
  m_LocalScale: {x: 1, y: 1, z: 1}
  m_Children: []
  m_Father: {fileID: 1179702002073550332}
  m_RootOrder: 0
  m_LocalEulerAnglesHint: {x: 0, y: 0, z: 0}
--- !u!33 &4879447990770023831
MeshFilter:
  m_ObjectHideFlags: 0
  m_CorrespondingSourceObject: {fileID: 0}
  m_PrefabInstance: {fileID: 0}
  m_PrefabAsset: {fileID: 0}
  m_GameObject: {fileID: 6317117690841339487}
  m_Mesh: {fileID: -4118119220175921967, guid: 0ada7011515a42e46a0d123d79ad8b93, type: 3}
--- !u!23 &2430897496879684540
MeshRenderer:
  m_ObjectHideFlags: 0
  m_CorrespondingSourceObject: {fileID: 0}
  m_PrefabInstance: {fileID: 0}
  m_PrefabAsset: {fileID: 0}
  m_GameObject: {fileID: 6317117690841339487}
  m_Enabled: 1
  m_CastShadows: 1
  m_ReceiveShadows: 1
  m_DynamicOccludee: 1
  m_MotionVectors: 1
  m_LightProbeUsage: 1
  m_ReflectionProbeUsage: 1
  m_RenderingLayerMask: 1
  m_RendererPriority: 0
  m_Materials:
  - {fileID: 2100000, guid: 08cd75ebee5532049b1e8868174552bc, type: 2}
  m_StaticBatchInfo:
    firstSubMesh: 0
    subMeshCount: 0
  m_StaticBatchRoot: {fileID: 0}
  m_ProbeAnchor: {fileID: 0}
  m_LightProbeVolumeOverride: {fileID: 0}
  m_ScaleInLightmap: 1
  m_ReceiveGI: 1
  m_PreserveUVs: 0
  m_IgnoreNormalsForChartDetection: 0
  m_ImportantGI: 0
  m_StitchLightmapSeams: 1
  m_SelectedEditorRenderState: 3
  m_MinimumChartSize: 4
  m_AutoUVMaxDistance: 0.5
  m_AutoUVMaxAngle: 89
  m_LightmapParameters: {fileID: 0}
  m_SortingLayerID: 0
  m_SortingLayer: 0
  m_SortingOrder: 0
--- !u!64 &5022183668009119153
MeshCollider:
  m_ObjectHideFlags: 0
  m_CorrespondingSourceObject: {fileID: 0}
  m_PrefabInstance: {fileID: 0}
  m_PrefabAsset: {fileID: 0}
  m_GameObject: {fileID: 6317117690841339487}
  m_Material: {fileID: 0}
  m_IsTrigger: 0
  m_Enabled: 1
  serializedVersion: 3
  m_Convex: 1
  m_CookingOptions: 14
  m_Mesh: {fileID: -4118119220175921967, guid: 0ada7011515a42e46a0d123d79ad8b93, type: 3}
--- !u!1 &6446565198526943216
GameObject:
  m_ObjectHideFlags: 0
  m_CorrespondingSourceObject: {fileID: 0}
  m_PrefabInstance: {fileID: 0}
  m_PrefabAsset: {fileID: 0}
  serializedVersion: 6
  m_Component:
  - component: {fileID: 3264347721109621856}
  - component: {fileID: 6731996987015275123}
  - component: {fileID: 5236169246929640709}
  - component: {fileID: 1608165847391453151}
  - component: {fileID: 2375576538586949252}
  - component: {fileID: 4121874365825659265}
  m_Layer: 9
  m_Name: Statue.009
  m_TagString: Untagged
  m_Icon: {fileID: 0}
  m_NavMeshLayer: 0
  m_StaticEditorFlags: 0
  m_IsActive: 1
--- !u!4 &3264347721109621856
Transform:
  m_ObjectHideFlags: 0
  m_CorrespondingSourceObject: {fileID: 0}
  m_PrefabInstance: {fileID: 0}
  m_PrefabAsset: {fileID: 0}
  m_GameObject: {fileID: 6446565198526943216}
  m_LocalRotation: {x: -0.7071068, y: -0, z: -0, w: 0.7071067}
  m_LocalPosition: {x: 0, y: 0.32580444, z: -0.22316799}
  m_LocalScale: {x: 1, y: 1, z: 1}
  m_Children:
  - {fileID: 7271398696444681718}
  m_Father: {fileID: 4049557742181315842}
  m_RootOrder: 5
  m_LocalEulerAnglesHint: {x: 0, y: 0, z: 0}
--- !u!33 &6731996987015275123
MeshFilter:
  m_ObjectHideFlags: 0
  m_CorrespondingSourceObject: {fileID: 0}
  m_PrefabInstance: {fileID: 0}
  m_PrefabAsset: {fileID: 0}
  m_GameObject: {fileID: 6446565198526943216}
  m_Mesh: {fileID: -1811016153358768350, guid: 0ada7011515a42e46a0d123d79ad8b93, type: 3}
--- !u!23 &5236169246929640709
MeshRenderer:
  m_ObjectHideFlags: 0
  m_CorrespondingSourceObject: {fileID: 0}
  m_PrefabInstance: {fileID: 0}
  m_PrefabAsset: {fileID: 0}
  m_GameObject: {fileID: 6446565198526943216}
  m_Enabled: 1
  m_CastShadows: 1
  m_ReceiveShadows: 1
  m_DynamicOccludee: 1
  m_MotionVectors: 1
  m_LightProbeUsage: 1
  m_ReflectionProbeUsage: 1
  m_RenderingLayerMask: 1
  m_RendererPriority: 0
  m_Materials:
  - {fileID: 2100000, guid: 08cd75ebee5532049b1e8868174552bc, type: 2}
  m_StaticBatchInfo:
    firstSubMesh: 0
    subMeshCount: 0
  m_StaticBatchRoot: {fileID: 0}
  m_ProbeAnchor: {fileID: 0}
  m_LightProbeVolumeOverride: {fileID: 0}
  m_ScaleInLightmap: 1
  m_ReceiveGI: 1
  m_PreserveUVs: 0
  m_IgnoreNormalsForChartDetection: 0
  m_ImportantGI: 0
  m_StitchLightmapSeams: 1
  m_SelectedEditorRenderState: 3
  m_MinimumChartSize: 4
  m_AutoUVMaxDistance: 0.5
  m_AutoUVMaxAngle: 89
  m_LightmapParameters: {fileID: 0}
  m_SortingLayerID: 0
  m_SortingLayer: 0
  m_SortingOrder: 0
--- !u!64 &1608165847391453151
MeshCollider:
  m_ObjectHideFlags: 0
  m_CorrespondingSourceObject: {fileID: 0}
  m_PrefabInstance: {fileID: 0}
  m_PrefabAsset: {fileID: 0}
  m_GameObject: {fileID: 6446565198526943216}
  m_Material: {fileID: 0}
  m_IsTrigger: 0
  m_Enabled: 1
  serializedVersion: 3
  m_Convex: 1
  m_CookingOptions: 14
  m_Mesh: {fileID: -1811016153358768350, guid: 0ada7011515a42e46a0d123d79ad8b93, type: 3}
--- !u!54 &2375576538586949252
Rigidbody:
  m_ObjectHideFlags: 0
  m_CorrespondingSourceObject: {fileID: 0}
  m_PrefabInstance: {fileID: 0}
  m_PrefabAsset: {fileID: 0}
  m_GameObject: {fileID: 6446565198526943216}
  serializedVersion: 2
  m_Mass: 1
  m_Drag: 0.3
  m_AngularDrag: 0.3
  m_UseGravity: 1
  m_IsKinematic: 0
  m_Interpolate: 0
  m_Constraints: 0
  m_CollisionDetection: 0
--- !u!114 &4121874365825659265
MonoBehaviour:
  m_ObjectHideFlags: 0
  m_CorrespondingSourceObject: {fileID: 0}
  m_PrefabInstance: {fileID: 0}
  m_PrefabAsset: {fileID: 0}
  m_GameObject: {fileID: 6446565198526943216}
  m_Enabled: 1
  m_EditorHideFlags: 0
  m_Script: {fileID: 11500000, guid: 02c7efa0fe214ae4297ab3339836cc31, type: 3}
  m_Name: 
  m_EditorClassIdentifier: 
--- !u!1 &6899615313737644192
GameObject:
  m_ObjectHideFlags: 0
  m_CorrespondingSourceObject: {fileID: 0}
  m_PrefabInstance: {fileID: 0}
  m_PrefabAsset: {fileID: 0}
  serializedVersion: 6
  m_Component:
  - component: {fileID: 164198324372716490}
  - component: {fileID: 5425916322101768862}
  - component: {fileID: 2751238148185551512}
  - component: {fileID: 4795311484943656031}
  - component: {fileID: 2254277386413520570}
  - component: {fileID: 8091244298475732572}
  m_Layer: 9
  m_Name: Statue.007
  m_TagString: Untagged
  m_Icon: {fileID: 0}
  m_NavMeshLayer: 0
  m_StaticEditorFlags: 0
  m_IsActive: 1
--- !u!4 &164198324372716490
Transform:
  m_ObjectHideFlags: 0
  m_CorrespondingSourceObject: {fileID: 0}
  m_PrefabInstance: {fileID: 0}
  m_PrefabAsset: {fileID: 0}
  m_GameObject: {fileID: 6899615313737644192}
  m_LocalRotation: {x: -0.7071068, y: -0, z: -0, w: 0.7071067}
  m_LocalPosition: {x: -0.0017558538, y: 0.94224423, z: 0}
  m_LocalScale: {x: 1, y: 1, z: 1}
  m_Children:
  - {fileID: 8806922583675297621}
  - {fileID: 8878956738127343885}
  m_Father: {fileID: 4049557742181315842}
  m_RootOrder: 4
  m_LocalEulerAnglesHint: {x: 0, y: 0, z: 0}
--- !u!33 &5425916322101768862
MeshFilter:
  m_ObjectHideFlags: 0
  m_CorrespondingSourceObject: {fileID: 0}
  m_PrefabInstance: {fileID: 0}
  m_PrefabAsset: {fileID: 0}
  m_GameObject: {fileID: 6899615313737644192}
  m_Mesh: {fileID: 6597107329939276777, guid: 0ada7011515a42e46a0d123d79ad8b93, type: 3}
--- !u!23 &2751238148185551512
MeshRenderer:
  m_ObjectHideFlags: 0
  m_CorrespondingSourceObject: {fileID: 0}
  m_PrefabInstance: {fileID: 0}
  m_PrefabAsset: {fileID: 0}
  m_GameObject: {fileID: 6899615313737644192}
  m_Enabled: 1
  m_CastShadows: 1
  m_ReceiveShadows: 1
  m_DynamicOccludee: 1
  m_MotionVectors: 1
  m_LightProbeUsage: 1
  m_ReflectionProbeUsage: 1
  m_RenderingLayerMask: 1
  m_RendererPriority: 0
  m_Materials:
  - {fileID: 2100000, guid: 08cd75ebee5532049b1e8868174552bc, type: 2}
  m_StaticBatchInfo:
    firstSubMesh: 0
    subMeshCount: 0
  m_StaticBatchRoot: {fileID: 0}
  m_ProbeAnchor: {fileID: 0}
  m_LightProbeVolumeOverride: {fileID: 0}
  m_ScaleInLightmap: 1
  m_ReceiveGI: 1
  m_PreserveUVs: 0
  m_IgnoreNormalsForChartDetection: 0
  m_ImportantGI: 0
  m_StitchLightmapSeams: 1
  m_SelectedEditorRenderState: 3
  m_MinimumChartSize: 4
  m_AutoUVMaxDistance: 0.5
  m_AutoUVMaxAngle: 89
  m_LightmapParameters: {fileID: 0}
  m_SortingLayerID: 0
  m_SortingLayer: 0
  m_SortingOrder: 0
--- !u!64 &4795311484943656031
MeshCollider:
  m_ObjectHideFlags: 0
  m_CorrespondingSourceObject: {fileID: 0}
  m_PrefabInstance: {fileID: 0}
  m_PrefabAsset: {fileID: 0}
  m_GameObject: {fileID: 6899615313737644192}
  m_Material: {fileID: 0}
  m_IsTrigger: 0
  m_Enabled: 1
  serializedVersion: 3
  m_Convex: 1
  m_CookingOptions: 14
  m_Mesh: {fileID: 6597107329939276777, guid: 0ada7011515a42e46a0d123d79ad8b93, type: 3}
--- !u!54 &2254277386413520570
Rigidbody:
  m_ObjectHideFlags: 0
  m_CorrespondingSourceObject: {fileID: 0}
  m_PrefabInstance: {fileID: 0}
  m_PrefabAsset: {fileID: 0}
  m_GameObject: {fileID: 6899615313737644192}
  serializedVersion: 2
  m_Mass: 1
  m_Drag: 0.3
  m_AngularDrag: 0.3
  m_UseGravity: 1
  m_IsKinematic: 0
  m_Interpolate: 0
  m_Constraints: 0
  m_CollisionDetection: 0
--- !u!114 &8091244298475732572
MonoBehaviour:
  m_ObjectHideFlags: 0
  m_CorrespondingSourceObject: {fileID: 0}
  m_PrefabInstance: {fileID: 0}
  m_PrefabAsset: {fileID: 0}
  m_GameObject: {fileID: 6899615313737644192}
  m_Enabled: 1
  m_EditorHideFlags: 0
  m_Script: {fileID: 11500000, guid: 02c7efa0fe214ae4297ab3339836cc31, type: 3}
  m_Name: 
  m_EditorClassIdentifier: 
--- !u!1 &7679742680558842001
GameObject:
  m_ObjectHideFlags: 0
  m_CorrespondingSourceObject: {fileID: 0}
  m_PrefabInstance: {fileID: 0}
  m_PrefabAsset: {fileID: 0}
  serializedVersion: 6
  m_Component:
  - component: {fileID: 3034533882241966304}
  m_Layer: 0
  m_Name: AttachmentPoint (4)
  m_TagString: AttachmentPoint
  m_Icon: {fileID: -5442936267250999957, guid: 0000000000000000d000000000000000, type: 0}
  m_NavMeshLayer: 0
  m_StaticEditorFlags: 0
  m_IsActive: 0
--- !u!4 &3034533882241966304
Transform:
  m_ObjectHideFlags: 0
  m_CorrespondingSourceObject: {fileID: 0}
  m_PrefabInstance: {fileID: 0}
  m_PrefabAsset: {fileID: 0}
  m_GameObject: {fileID: 7679742680558842001}
  m_LocalRotation: {x: -0.7071068, y: 0, z: 0, w: 0.7071068}
  m_LocalPosition: {x: 0, y: 2.036, z: 0.011}
  m_LocalScale: {x: 1, y: 1, z: 1}
  m_Children: []
  m_Father: {fileID: 4049557742181315842}
  m_RootOrder: 9
  m_LocalEulerAnglesHint: {x: -90, y: 0, z: 0}
--- !u!1 &7762827402937247808
GameObject:
  m_ObjectHideFlags: 0
  m_CorrespondingSourceObject: {fileID: 0}
  m_PrefabInstance: {fileID: 0}
  m_PrefabAsset: {fileID: 0}
  serializedVersion: 6
  m_Component:
  - component: {fileID: 1179702002073550332}
  - component: {fileID: 1210067185000102781}
  - component: {fileID: 2747167051484176113}
  m_Layer: 9
  m_Name: Statue
  m_TagString: Untagged
  m_Icon: {fileID: 0}
  m_NavMeshLayer: 0
  m_StaticEditorFlags: 0
  m_IsActive: 1
--- !u!4 &1179702002073550332
Transform:
  m_ObjectHideFlags: 0
  m_CorrespondingSourceObject: {fileID: 0}
  m_PrefabInstance: {fileID: 0}
  m_PrefabAsset: {fileID: 0}
  m_GameObject: {fileID: 7762827402937247808}
  m_LocalRotation: {x: 0, y: 0, z: 0, w: 1}
  m_LocalPosition: {x: 0, y: 0.057475626, z: 0}
  m_LocalScale: {x: 1, y: 1, z: 1}
  m_Children:
  - {fileID: 6281404657585035187}
  - {fileID: 9190451518285752409}
  - {fileID: 776307387069564552}
  - {fileID: 7260146952741646312}
  m_Father: {fileID: 4049557742181315842}
  m_RootOrder: 0
  m_LocalEulerAnglesHint: {x: 0, y: 0, z: 0}
--- !u!54 &1210067185000102781
Rigidbody:
  m_ObjectHideFlags: 0
  m_CorrespondingSourceObject: {fileID: 0}
  m_PrefabInstance: {fileID: 0}
  m_PrefabAsset: {fileID: 0}
  m_GameObject: {fileID: 7762827402937247808}
  serializedVersion: 2
  m_Mass: 1
  m_Drag: 0.3
  m_AngularDrag: 0.3
  m_UseGravity: 1
  m_IsKinematic: 0
  m_Interpolate: 0
  m_Constraints: 0
  m_CollisionDetection: 0
--- !u!114 &2747167051484176113
MonoBehaviour:
  m_ObjectHideFlags: 0
  m_CorrespondingSourceObject: {fileID: 0}
  m_PrefabInstance: {fileID: 0}
  m_PrefabAsset: {fileID: 0}
  m_GameObject: {fileID: 7762827402937247808}
  m_Enabled: 1
  m_EditorHideFlags: 0
  m_Script: {fileID: 11500000, guid: 02c7efa0fe214ae4297ab3339836cc31, type: 3}
  m_Name: 
  m_EditorClassIdentifier: 
--- !u!1 &8025410880802726788
GameObject:
  m_ObjectHideFlags: 0
  m_CorrespondingSourceObject: {fileID: 0}
  m_PrefabInstance: {fileID: 0}
  m_PrefabAsset: {fileID: 0}
  serializedVersion: 6
  m_Component:
  - component: {fileID: 456766898945127275}
  m_Layer: 0
  m_Name: AttachmentPoint (2)
  m_TagString: AttachmentPoint
  m_Icon: {fileID: -5442936267250999957, guid: 0000000000000000d000000000000000, type: 0}
  m_NavMeshLayer: 0
  m_StaticEditorFlags: 0
  m_IsActive: 0
--- !u!4 &456766898945127275
Transform:
  m_ObjectHideFlags: 0
  m_CorrespondingSourceObject: {fileID: 0}
  m_PrefabInstance: {fileID: 0}
  m_PrefabAsset: {fileID: 0}
  m_GameObject: {fileID: 8025410880802726788}
  m_LocalRotation: {x: -0.7071068, y: -0, z: -0, w: 0.7071068}
  m_LocalPosition: {x: 0, y: 0.113, z: -0.233}
  m_LocalScale: {x: 1, y: 1, z: 1}
  m_Children: []
  m_Father: {fileID: 4049557742181315842}
  m_RootOrder: 7
  m_LocalEulerAnglesHint: {x: -90, y: 0, z: 0}
--- !u!1001 &1949728535222534490
PrefabInstance:
  m_ObjectHideFlags: 0
  serializedVersion: 2
  m_Modification:
    m_TransformParent: {fileID: 1179702002073550332}
    m_Modifications:
    - target: {fileID: 428870785229440584, guid: 74905258b8668db4d862294f5a13b447,
        type: 3}
      propertyPath: m_Name
      value: AttachmentPoint
      objectReference: {fileID: 0}
    - target: {fileID: 1282167659058350034, guid: 74905258b8668db4d862294f5a13b447,
        type: 3}
      propertyPath: m_LocalPosition.x
      value: 0
      objectReference: {fileID: 0}
    - target: {fileID: 1282167659058350034, guid: 74905258b8668db4d862294f5a13b447,
        type: 3}
      propertyPath: m_LocalPosition.y
      value: 0.64352435
      objectReference: {fileID: 0}
    - target: {fileID: 1282167659058350034, guid: 74905258b8668db4d862294f5a13b447,
        type: 3}
      propertyPath: m_LocalPosition.z
      value: 0.191
      objectReference: {fileID: 0}
    - target: {fileID: 1282167659058350034, guid: 74905258b8668db4d862294f5a13b447,
        type: 3}
      propertyPath: m_LocalRotation.x
      value: -0.7071068
      objectReference: {fileID: 0}
    - target: {fileID: 1282167659058350034, guid: 74905258b8668db4d862294f5a13b447,
        type: 3}
      propertyPath: m_LocalRotation.y
      value: -0
      objectReference: {fileID: 0}
    - target: {fileID: 1282167659058350034, guid: 74905258b8668db4d862294f5a13b447,
        type: 3}
      propertyPath: m_LocalRotation.z
      value: -0
      objectReference: {fileID: 0}
    - target: {fileID: 1282167659058350034, guid: 74905258b8668db4d862294f5a13b447,
        type: 3}
      propertyPath: m_LocalRotation.w
      value: 0.7071068
      objectReference: {fileID: 0}
    - target: {fileID: 1282167659058350034, guid: 74905258b8668db4d862294f5a13b447,
        type: 3}
      propertyPath: m_RootOrder
      value: 2
      objectReference: {fileID: 0}
    - target: {fileID: 1282167659058350034, guid: 74905258b8668db4d862294f5a13b447,
        type: 3}
      propertyPath: m_LocalEulerAnglesHint.x
      value: 0
      objectReference: {fileID: 0}
    - target: {fileID: 1282167659058350034, guid: 74905258b8668db4d862294f5a13b447,
        type: 3}
      propertyPath: m_LocalEulerAnglesHint.y
      value: 0
      objectReference: {fileID: 0}
    - target: {fileID: 1282167659058350034, guid: 74905258b8668db4d862294f5a13b447,
        type: 3}
      propertyPath: m_LocalEulerAnglesHint.z
      value: 0
      objectReference: {fileID: 0}
    - target: {fileID: 8814622139619343384, guid: 74905258b8668db4d862294f5a13b447,
        type: 3}
      propertyPath: correctAttachment
      value: 
      objectReference: {fileID: 1270158026157057183}
    m_RemovedComponents: []
  m_SourcePrefab: {fileID: 100100000, guid: 74905258b8668db4d862294f5a13b447, type: 3}
--- !u!114 &7015772485835308354 stripped
MonoBehaviour:
  m_CorrespondingSourceObject: {fileID: 8814622139619343384, guid: 74905258b8668db4d862294f5a13b447,
    type: 3}
  m_PrefabInstance: {fileID: 1949728535222534490}
  m_PrefabAsset: {fileID: 0}
  m_GameObject: {fileID: 0}
  m_Enabled: 1
  m_EditorHideFlags: 0
  m_Script: {fileID: 11500000, guid: b46793bc3c3fcf94aa14dd5e0a4fcef5, type: 3}
  m_Name: 
  m_EditorClassIdentifier: 
--- !u!4 &776307387069564552 stripped
Transform:
  m_CorrespondingSourceObject: {fileID: 1282167659058350034, guid: 74905258b8668db4d862294f5a13b447,
    type: 3}
  m_PrefabInstance: {fileID: 1949728535222534490}
  m_PrefabAsset: {fileID: 0}
--- !u!1001 &2836059955211518092
PrefabInstance:
  m_ObjectHideFlags: 0
  serializedVersion: 2
  m_Modification:
    m_TransformParent: {fileID: 3044303216598283047}
    m_Modifications:
    - target: {fileID: 428870785229440584, guid: 74905258b8668db4d862294f5a13b447,
        type: 3}
      propertyPath: m_Name
      value: AttachmentPoint
      objectReference: {fileID: 0}
    - target: {fileID: 1282167659058350034, guid: 74905258b8668db4d862294f5a13b447,
        type: 3}
      propertyPath: m_LocalPosition.x
      value: 0
      objectReference: {fileID: 0}
    - target: {fileID: 1282167659058350034, guid: 74905258b8668db4d862294f5a13b447,
        type: 3}
      propertyPath: m_LocalPosition.y
      value: -0.15023208
      objectReference: {fileID: 0}
    - target: {fileID: 1282167659058350034, guid: 74905258b8668db4d862294f5a13b447,
        type: 3}
      propertyPath: m_LocalPosition.z
      value: 0.46181542
      objectReference: {fileID: 0}
    - target: {fileID: 1282167659058350034, guid: 74905258b8668db4d862294f5a13b447,
        type: 3}
      propertyPath: m_LocalRotation.x
      value: -0.7071069
      objectReference: {fileID: 0}
    - target: {fileID: 1282167659058350034, guid: 74905258b8668db4d862294f5a13b447,
        type: 3}
      propertyPath: m_LocalRotation.y
      value: 0
      objectReference: {fileID: 0}
    - target: {fileID: 1282167659058350034, guid: 74905258b8668db4d862294f5a13b447,
        type: 3}
      propertyPath: m_LocalRotation.z
      value: 0
      objectReference: {fileID: 0}
    - target: {fileID: 1282167659058350034, guid: 74905258b8668db4d862294f5a13b447,
        type: 3}
      propertyPath: m_LocalRotation.w
      value: -0.70710665
      objectReference: {fileID: 0}
    - target: {fileID: 1282167659058350034, guid: 74905258b8668db4d862294f5a13b447,
        type: 3}
      propertyPath: m_RootOrder
      value: 0
      objectReference: {fileID: 0}
    - target: {fileID: 1282167659058350034, guid: 74905258b8668db4d862294f5a13b447,
        type: 3}
      propertyPath: m_LocalEulerAnglesHint.x
      value: 0
      objectReference: {fileID: 0}
    - target: {fileID: 1282167659058350034, guid: 74905258b8668db4d862294f5a13b447,
        type: 3}
      propertyPath: m_LocalEulerAnglesHint.y
      value: 0
      objectReference: {fileID: 0}
    - target: {fileID: 1282167659058350034, guid: 74905258b8668db4d862294f5a13b447,
        type: 3}
      propertyPath: m_LocalEulerAnglesHint.z
      value: 0
      objectReference: {fileID: 0}
    - target: {fileID: 8814622139619343384, guid: 74905258b8668db4d862294f5a13b447,
        type: 3}
      propertyPath: correctAttachment
      value: 
      objectReference: {fileID: 2441026419476346902}
    m_RemovedComponents: []
  m_SourcePrefab: {fileID: 100100000, guid: 74905258b8668db4d862294f5a13b447, type: 3}
--- !u!4 &3931810912653870942 stripped
Transform:
  m_CorrespondingSourceObject: {fileID: 1282167659058350034, guid: 74905258b8668db4d862294f5a13b447,
    type: 3}
  m_PrefabInstance: {fileID: 2836059955211518092}
  m_PrefabAsset: {fileID: 0}
--- !u!114 &6703715395990862996 stripped
MonoBehaviour:
  m_CorrespondingSourceObject: {fileID: 8814622139619343384, guid: 74905258b8668db4d862294f5a13b447,
    type: 3}
  m_PrefabInstance: {fileID: 2836059955211518092}
  m_PrefabAsset: {fileID: 0}
  m_GameObject: {fileID: 0}
  m_Enabled: 1
  m_EditorHideFlags: 0
  m_Script: {fileID: 11500000, guid: b46793bc3c3fcf94aa14dd5e0a4fcef5, type: 3}
  m_Name: 
  m_EditorClassIdentifier: 
--- !u!1001 &4475251438740583664
PrefabInstance:
  m_ObjectHideFlags: 0
  serializedVersion: 2
  m_Modification:
    m_TransformParent: {fileID: 1435927168137365393}
    m_Modifications:
    - target: {fileID: 428870785229440584, guid: 74905258b8668db4d862294f5a13b447,
        type: 3}
      propertyPath: m_Name
      value: AttachmentPoint
      objectReference: {fileID: 0}
    - target: {fileID: 1282167659058350034, guid: 74905258b8668db4d862294f5a13b447,
        type: 3}
      propertyPath: m_LocalPosition.x
      value: 0
      objectReference: {fileID: 0}
    - target: {fileID: 1282167659058350034, guid: 74905258b8668db4d862294f5a13b447,
        type: 3}
      propertyPath: m_LocalPosition.y
      value: -0.5380976
      objectReference: {fileID: 0}
    - target: {fileID: 1282167659058350034, guid: 74905258b8668db4d862294f5a13b447,
        type: 3}
      propertyPath: m_LocalPosition.z
      value: 0.011
      objectReference: {fileID: 0}
    - target: {fileID: 1282167659058350034, guid: 74905258b8668db4d862294f5a13b447,
        type: 3}
      propertyPath: m_LocalRotation.x
      value: 0.7071069
      objectReference: {fileID: 0}
    - target: {fileID: 1282167659058350034, guid: 74905258b8668db4d862294f5a13b447,
        type: 3}
      propertyPath: m_LocalRotation.y
      value: 0
      objectReference: {fileID: 0}
    - target: {fileID: 1282167659058350034, guid: 74905258b8668db4d862294f5a13b447,
        type: 3}
      propertyPath: m_LocalRotation.z
      value: 0
      objectReference: {fileID: 0}
    - target: {fileID: 1282167659058350034, guid: 74905258b8668db4d862294f5a13b447,
        type: 3}
      propertyPath: m_LocalRotation.w
      value: 0.70710677
      objectReference: {fileID: 0}
    - target: {fileID: 1282167659058350034, guid: 74905258b8668db4d862294f5a13b447,
        type: 3}
      propertyPath: m_RootOrder
      value: 2
      objectReference: {fileID: 0}
    - target: {fileID: 1282167659058350034, guid: 74905258b8668db4d862294f5a13b447,
        type: 3}
      propertyPath: m_LocalEulerAnglesHint.x
      value: 0
      objectReference: {fileID: 0}
    - target: {fileID: 1282167659058350034, guid: 74905258b8668db4d862294f5a13b447,
        type: 3}
      propertyPath: m_LocalEulerAnglesHint.y
      value: 0
      objectReference: {fileID: 0}
    - target: {fileID: 1282167659058350034, guid: 74905258b8668db4d862294f5a13b447,
        type: 3}
      propertyPath: m_LocalEulerAnglesHint.z
      value: 0
      objectReference: {fileID: 0}
    - target: {fileID: 8814622139619343384, guid: 74905258b8668db4d862294f5a13b447,
        type: 3}
      propertyPath: correctAttachment
      value: 
      objectReference: {fileID: 2851287586333744693}
    m_RemovedComponents: []
  m_SourcePrefab: {fileID: 100100000, guid: 74905258b8668db4d862294f5a13b447, type: 3}
--- !u!114 &4920355605660420328 stripped
MonoBehaviour:
  m_CorrespondingSourceObject: {fileID: 8814622139619343384, guid: 74905258b8668db4d862294f5a13b447,
    type: 3}
  m_PrefabInstance: {fileID: 4475251438740583664}
  m_PrefabAsset: {fileID: 0}
  m_GameObject: {fileID: 0}
  m_Enabled: 1
  m_EditorHideFlags: 0
  m_Script: {fileID: 11500000, guid: b46793bc3c3fcf94aa14dd5e0a4fcef5, type: 3}
  m_Name: 
  m_EditorClassIdentifier: 
--- !u!4 &3445365631755154210 stripped
Transform:
  m_CorrespondingSourceObject: {fileID: 1282167659058350034, guid: 74905258b8668db4d862294f5a13b447,
    type: 3}
  m_PrefabInstance: {fileID: 4475251438740583664}
  m_PrefabAsset: {fileID: 0}
--- !u!1001 &6607784207785051150
PrefabInstance:
  m_ObjectHideFlags: 0
  serializedVersion: 2
  m_Modification:
    m_TransformParent: {fileID: 795480170739902656}
    m_Modifications:
    - target: {fileID: 428870785229440584, guid: 74905258b8668db4d862294f5a13b447,
        type: 3}
      propertyPath: m_Name
      value: AttachmentPoint
      objectReference: {fileID: 0}
    - target: {fileID: 1282167659058350034, guid: 74905258b8668db4d862294f5a13b447,
        type: 3}
      propertyPath: m_LocalPosition.x
      value: 0.00008368829
      objectReference: {fileID: 0}
    - target: {fileID: 1282167659058350034, guid: 74905258b8668db4d862294f5a13b447,
        type: 3}
      propertyPath: m_LocalPosition.y
      value: -0.11468434
      objectReference: {fileID: 0}
    - target: {fileID: 1282167659058350034, guid: 74905258b8668db4d862294f5a13b447,
        type: 3}
      propertyPath: m_LocalPosition.z
      value: -0.305
      objectReference: {fileID: 0}
    - target: {fileID: 1282167659058350034, guid: 74905258b8668db4d862294f5a13b447,
        type: 3}
      propertyPath: m_LocalRotation.x
      value: 1
      objectReference: {fileID: 0}
    - target: {fileID: 1282167659058350034, guid: 74905258b8668db4d862294f5a13b447,
        type: 3}
      propertyPath: m_LocalRotation.y
      value: -0
      objectReference: {fileID: 0}
    - target: {fileID: 1282167659058350034, guid: 74905258b8668db4d862294f5a13b447,
        type: 3}
      propertyPath: m_LocalRotation.z
      value: -0
      objectReference: {fileID: 0}
    - target: {fileID: 1282167659058350034, guid: 74905258b8668db4d862294f5a13b447,
        type: 3}
      propertyPath: m_LocalRotation.w
      value: 0
      objectReference: {fileID: 0}
    - target: {fileID: 1282167659058350034, guid: 74905258b8668db4d862294f5a13b447,
        type: 3}
      propertyPath: m_RootOrder
      value: 2
      objectReference: {fileID: 0}
    - target: {fileID: 1282167659058350034, guid: 74905258b8668db4d862294f5a13b447,
        type: 3}
      propertyPath: m_LocalEulerAnglesHint.x
      value: 0
      objectReference: {fileID: 0}
    - target: {fileID: 1282167659058350034, guid: 74905258b8668db4d862294f5a13b447,
        type: 3}
      propertyPath: m_LocalEulerAnglesHint.y
      value: 0
      objectReference: {fileID: 0}
    - target: {fileID: 1282167659058350034, guid: 74905258b8668db4d862294f5a13b447,
        type: 3}
      propertyPath: m_LocalEulerAnglesHint.z
      value: 0
      objectReference: {fileID: 0}
    - target: {fileID: 8814622139619343384, guid: 74905258b8668db4d862294f5a13b447,
        type: 3}
      propertyPath: correctAttachment
      value: 
      objectReference: {fileID: 6703715395990862996}
    m_RemovedComponents: []
  m_SourcePrefab: {fileID: 100100000, guid: 74905258b8668db4d862294f5a13b447, type: 3}
--- !u!114 &2441026419476346902 stripped
MonoBehaviour:
  m_CorrespondingSourceObject: {fileID: 8814622139619343384, guid: 74905258b8668db4d862294f5a13b447,
    type: 3}
  m_PrefabInstance: {fileID: 6607784207785051150}
  m_PrefabAsset: {fileID: 0}
  m_GameObject: {fileID: 0}
  m_Enabled: 1
  m_EditorHideFlags: 0
  m_Script: {fileID: 11500000, guid: b46793bc3c3fcf94aa14dd5e0a4fcef5, type: 3}
  m_Name: 
  m_EditorClassIdentifier: 
--- !u!4 &5366245713285743580 stripped
Transform:
  m_CorrespondingSourceObject: {fileID: 1282167659058350034, guid: 74905258b8668db4d862294f5a13b447,
    type: 3}
  m_PrefabInstance: {fileID: 6607784207785051150}
  m_PrefabAsset: {fileID: 0}
--- !u!1001 &6755991878688743981
PrefabInstance:
  m_ObjectHideFlags: 0
  serializedVersion: 2
  m_Modification:
    m_TransformParent: {fileID: 795480170739902656}
    m_Modifications:
    - target: {fileID: 428870785229440584, guid: 74905258b8668db4d862294f5a13b447,
        type: 3}
      propertyPath: m_Name
      value: AttachmentPoint
      objectReference: {fileID: 0}
    - target: {fileID: 1282167659058350034, guid: 74905258b8668db4d862294f5a13b447,
        type: 3}
      propertyPath: m_LocalPosition.x
      value: 0.00008368829
      objectReference: {fileID: 0}
    - target: {fileID: 1282167659058350034, guid: 74905258b8668db4d862294f5a13b447,
        type: 3}
      propertyPath: m_LocalPosition.y
      value: 0.1363157
      objectReference: {fileID: 0}
    - target: {fileID: 1282167659058350034, guid: 74905258b8668db4d862294f5a13b447,
        type: 3}
      propertyPath: m_LocalPosition.z
      value: 0.011
      objectReference: {fileID: 0}
    - target: {fileID: 1282167659058350034, guid: 74905258b8668db4d862294f5a13b447,
        type: 3}
      propertyPath: m_LocalRotation.x
      value: -0.7071068
      objectReference: {fileID: 0}
    - target: {fileID: 1282167659058350034, guid: 74905258b8668db4d862294f5a13b447,
        type: 3}
      propertyPath: m_LocalRotation.y
      value: -0
      objectReference: {fileID: 0}
    - target: {fileID: 1282167659058350034, guid: 74905258b8668db4d862294f5a13b447,
        type: 3}
      propertyPath: m_LocalRotation.z
      value: -0
      objectReference: {fileID: 0}
    - target: {fileID: 1282167659058350034, guid: 74905258b8668db4d862294f5a13b447,
        type: 3}
      propertyPath: m_LocalRotation.w
      value: 0.7071068
      objectReference: {fileID: 0}
    - target: {fileID: 1282167659058350034, guid: 74905258b8668db4d862294f5a13b447,
        type: 3}
      propertyPath: m_RootOrder
      value: 3
      objectReference: {fileID: 0}
    - target: {fileID: 1282167659058350034, guid: 74905258b8668db4d862294f5a13b447,
        type: 3}
      propertyPath: m_LocalEulerAnglesHint.x
      value: 0
      objectReference: {fileID: 0}
    - target: {fileID: 1282167659058350034, guid: 74905258b8668db4d862294f5a13b447,
        type: 3}
      propertyPath: m_LocalEulerAnglesHint.y
      value: 0
      objectReference: {fileID: 0}
    - target: {fileID: 1282167659058350034, guid: 74905258b8668db4d862294f5a13b447,
        type: 3}
      propertyPath: m_LocalEulerAnglesHint.z
      value: 0
      objectReference: {fileID: 0}
    - target: {fileID: 8814622139619343384, guid: 74905258b8668db4d862294f5a13b447,
        type: 3}
      propertyPath: correctAttachment
      value: 
      objectReference: {fileID: 4920355605660420328}
    m_RemovedComponents: []
  m_SourcePrefab: {fileID: 100100000, guid: 74905258b8668db4d862294f5a13b447, type: 3}
--- !u!4 &5478970211744900607 stripped
Transform:
  m_CorrespondingSourceObject: {fileID: 1282167659058350034, guid: 74905258b8668db4d862294f5a13b447,
    type: 3}
  m_PrefabInstance: {fileID: 6755991878688743981}
  m_PrefabAsset: {fileID: 0}
--- !u!114 &2851287586333744693 stripped
MonoBehaviour:
  m_CorrespondingSourceObject: {fileID: 8814622139619343384, guid: 74905258b8668db4d862294f5a13b447,
    type: 3}
  m_PrefabInstance: {fileID: 6755991878688743981}
  m_PrefabAsset: {fileID: 0}
  m_GameObject: {fileID: 0}
  m_Enabled: 1
  m_EditorHideFlags: 0
  m_Script: {fileID: 11500000, guid: b46793bc3c3fcf94aa14dd5e0a4fcef5, type: 3}
  m_Name: 
  m_EditorClassIdentifier: 
--- !u!1001 &7303642889224072851
PrefabInstance:
  m_ObjectHideFlags: 0
  serializedVersion: 2
  m_Modification:
    m_TransformParent: {fileID: 795480170739902656}
    m_Modifications:
    - target: {fileID: 428870785229440584, guid: 74905258b8668db4d862294f5a13b447,
        type: 3}
      propertyPath: m_Name
      value: AttachmentPoint
      objectReference: {fileID: 0}
    - target: {fileID: 1282167659058350034, guid: 74905258b8668db4d862294f5a13b447,
        type: 3}
      propertyPath: m_LocalPosition.x
      value: 0.00008368829
      objectReference: {fileID: 0}
    - target: {fileID: 1282167659058350034, guid: 74905258b8668db4d862294f5a13b447,
        type: 3}
      propertyPath: m_LocalPosition.y
      value: -0.5136843
      objectReference: {fileID: 0}
    - target: {fileID: 1282167659058350034, guid: 74905258b8668db4d862294f5a13b447,
        type: 3}
      propertyPath: m_LocalPosition.z
      value: 0.011
      objectReference: {fileID: 0}
    - target: {fileID: 1282167659058350034, guid: 74905258b8668db4d862294f5a13b447,
        type: 3}
      propertyPath: m_LocalRotation.x
      value: 0.7071069
      objectReference: {fileID: 0}
    - target: {fileID: 1282167659058350034, guid: 74905258b8668db4d862294f5a13b447,
        type: 3}
      propertyPath: m_LocalRotation.y
      value: 0
      objectReference: {fileID: 0}
    - target: {fileID: 1282167659058350034, guid: 74905258b8668db4d862294f5a13b447,
        type: 3}
      propertyPath: m_LocalRotation.z
      value: 0
      objectReference: {fileID: 0}
    - target: {fileID: 1282167659058350034, guid: 74905258b8668db4d862294f5a13b447,
        type: 3}
      propertyPath: m_LocalRotation.w
      value: 0.70710677
      objectReference: {fileID: 0}
    - target: {fileID: 1282167659058350034, guid: 74905258b8668db4d862294f5a13b447,
        type: 3}
      propertyPath: m_RootOrder
      value: 4
      objectReference: {fileID: 0}
    - target: {fileID: 1282167659058350034, guid: 74905258b8668db4d862294f5a13b447,
        type: 3}
      propertyPath: m_LocalEulerAnglesHint.x
      value: 0
      objectReference: {fileID: 0}
    - target: {fileID: 1282167659058350034, guid: 74905258b8668db4d862294f5a13b447,
        type: 3}
      propertyPath: m_LocalEulerAnglesHint.y
      value: 0
      objectReference: {fileID: 0}
    - target: {fileID: 1282167659058350034, guid: 74905258b8668db4d862294f5a13b447,
        type: 3}
      propertyPath: m_LocalEulerAnglesHint.z
      value: 0
      objectReference: {fileID: 0}
    - target: {fileID: 8814622139619343384, guid: 74905258b8668db4d862294f5a13b447,
        type: 3}
      propertyPath: correctAttachment
      value: 
      objectReference: {fileID: 1198129640246545095}
    m_RemovedComponents: []
  m_SourcePrefab: {fileID: 100100000, guid: 74905258b8668db4d862294f5a13b447, type: 3}
--- !u!114 &2236059895634842251 stripped
MonoBehaviour:
  m_CorrespondingSourceObject: {fileID: 8814622139619343384, guid: 74905258b8668db4d862294f5a13b447,
    type: 3}
  m_PrefabInstance: {fileID: 7303642889224072851}
  m_PrefabAsset: {fileID: 0}
  m_GameObject: {fileID: 0}
  m_Enabled: 1
  m_EditorHideFlags: 0
  m_Script: {fileID: 11500000, guid: b46793bc3c3fcf94aa14dd5e0a4fcef5, type: 3}
  m_Name: 
  m_EditorClassIdentifier: 
--- !u!4 &8399473012023814465 stripped
Transform:
  m_CorrespondingSourceObject: {fileID: 1282167659058350034, guid: 74905258b8668db4d862294f5a13b447,
    type: 3}
  m_PrefabInstance: {fileID: 7303642889224072851}
  m_PrefabAsset: {fileID: 0}
--- !u!1001 &7706583295304070879
PrefabInstance:
  m_ObjectHideFlags: 0
  serializedVersion: 2
  m_Modification:
    m_TransformParent: {fileID: 164198324372716490}
    m_Modifications:
    - target: {fileID: 428870785229440584, guid: 74905258b8668db4d862294f5a13b447,
        type: 3}
      propertyPath: m_Name
      value: AttachmentPoint
      objectReference: {fileID: 0}
    - target: {fileID: 1282167659058350034, guid: 74905258b8668db4d862294f5a13b447,
        type: 3}
      propertyPath: m_LocalPosition.x
      value: 0.0017558538
      objectReference: {fileID: 0}
    - target: {fileID: 1282167659058350034, guid: 74905258b8668db4d862294f5a13b447,
        type: 3}
      propertyPath: m_LocalPosition.y
      value: -0.011000067
      objectReference: {fileID: 0}
    - target: {fileID: 1282167659058350034, guid: 74905258b8668db4d862294f5a13b447,
        type: 3}
      propertyPath: m_LocalPosition.z
      value: 0.44375578
      objectReference: {fileID: 0}
    - target: {fileID: 1282167659058350034, guid: 74905258b8668db4d862294f5a13b447,
        type: 3}
      propertyPath: m_LocalRotation.x
      value: 0.00000008940697
      objectReference: {fileID: 0}
    - target: {fileID: 1282167659058350034, guid: 74905258b8668db4d862294f5a13b447,
        type: 3}
      propertyPath: m_LocalRotation.y
      value: -0
      objectReference: {fileID: 0}
    - target: {fileID: 1282167659058350034, guid: 74905258b8668db4d862294f5a13b447,
        type: 3}
      propertyPath: m_LocalRotation.z
      value: -0
      objectReference: {fileID: 0}
    - target: {fileID: 1282167659058350034, guid: 74905258b8668db4d862294f5a13b447,
        type: 3}
      propertyPath: m_LocalRotation.w
      value: 1
      objectReference: {fileID: 0}
    - target: {fileID: 1282167659058350034, guid: 74905258b8668db4d862294f5a13b447,
        type: 3}
      propertyPath: m_RootOrder
      value: 1
      objectReference: {fileID: 0}
    - target: {fileID: 1282167659058350034, guid: 74905258b8668db4d862294f5a13b447,
        type: 3}
      propertyPath: m_LocalEulerAnglesHint.x
      value: 0
      objectReference: {fileID: 0}
    - target: {fileID: 1282167659058350034, guid: 74905258b8668db4d862294f5a13b447,
        type: 3}
      propertyPath: m_LocalEulerAnglesHint.y
      value: 0
      objectReference: {fileID: 0}
    - target: {fileID: 1282167659058350034, guid: 74905258b8668db4d862294f5a13b447,
        type: 3}
      propertyPath: m_LocalEulerAnglesHint.z
      value: 0
      objectReference: {fileID: 0}
    - target: {fileID: 8814622139619343384, guid: 74905258b8668db4d862294f5a13b447,
        type: 3}
      propertyPath: correctAttachment
      value: 
      objectReference: {fileID: 2236059895634842251}
    m_RemovedComponents: []
  m_SourcePrefab: {fileID: 100100000, guid: 74905258b8668db4d862294f5a13b447, type: 3}
--- !u!4 &8878956738127343885 stripped
Transform:
  m_CorrespondingSourceObject: {fileID: 1282167659058350034, guid: 74905258b8668db4d862294f5a13b447,
    type: 3}
  m_PrefabInstance: {fileID: 7706583295304070879}
  m_PrefabAsset: {fileID: 0}
--- !u!114 &1198129640246545095 stripped
MonoBehaviour:
  m_CorrespondingSourceObject: {fileID: 8814622139619343384, guid: 74905258b8668db4d862294f5a13b447,
    type: 3}
  m_PrefabInstance: {fileID: 7706583295304070879}
  m_PrefabAsset: {fileID: 0}
  m_GameObject: {fileID: 0}
  m_Enabled: 1
  m_EditorHideFlags: 0
  m_Script: {fileID: 11500000, guid: b46793bc3c3fcf94aa14dd5e0a4fcef5, type: 3}
  m_Name: 
  m_EditorClassIdentifier: 
--- !u!1001 &7778655387212716167
PrefabInstance:
  m_ObjectHideFlags: 0
  serializedVersion: 2
  m_Modification:
    m_TransformParent: {fileID: 164198324372716490}
    m_Modifications:
    - target: {fileID: 428870785229440584, guid: 74905258b8668db4d862294f5a13b447,
        type: 3}
      propertyPath: m_Name
      value: AttachmentPoint
      objectReference: {fileID: 0}
    - target: {fileID: 1282167659058350034, guid: 74905258b8668db4d862294f5a13b447,
        type: 3}
      propertyPath: m_LocalPosition.x
      value: 0.0017558538
      objectReference: {fileID: 0}
    - target: {fileID: 1282167659058350034, guid: 74905258b8668db4d862294f5a13b447,
        type: 3}
      propertyPath: m_LocalPosition.y
      value: -0.19099995
      objectReference: {fileID: 0}
    - target: {fileID: 1282167659058350034, guid: 74905258b8668db4d862294f5a13b447,
        type: 3}
      propertyPath: m_LocalPosition.z
      value: -0.24124427
      objectReference: {fileID: 0}
    - target: {fileID: 1282167659058350034, guid: 74905258b8668db4d862294f5a13b447,
        type: 3}
      propertyPath: m_LocalRotation.x
      value: 1
      objectReference: {fileID: 0}
    - target: {fileID: 1282167659058350034, guid: 74905258b8668db4d862294f5a13b447,
        type: 3}
      propertyPath: m_LocalRotation.y
      value: 0
      objectReference: {fileID: 0}
    - target: {fileID: 1282167659058350034, guid: 74905258b8668db4d862294f5a13b447,
        type: 3}
      propertyPath: m_LocalRotation.z
      value: 0
      objectReference: {fileID: 0}
    - target: {fileID: 1282167659058350034, guid: 74905258b8668db4d862294f5a13b447,
        type: 3}
      propertyPath: m_LocalRotation.w
      value: -0.00000013311836
      objectReference: {fileID: 0}
    - target: {fileID: 1282167659058350034, guid: 74905258b8668db4d862294f5a13b447,
        type: 3}
      propertyPath: m_RootOrder
      value: 0
      objectReference: {fileID: 0}
    - target: {fileID: 1282167659058350034, guid: 74905258b8668db4d862294f5a13b447,
        type: 3}
      propertyPath: m_LocalEulerAnglesHint.x
      value: 0
      objectReference: {fileID: 0}
    - target: {fileID: 1282167659058350034, guid: 74905258b8668db4d862294f5a13b447,
        type: 3}
      propertyPath: m_LocalEulerAnglesHint.y
      value: 0
      objectReference: {fileID: 0}
    - target: {fileID: 1282167659058350034, guid: 74905258b8668db4d862294f5a13b447,
        type: 3}
      propertyPath: m_LocalEulerAnglesHint.z
      value: 0
      objectReference: {fileID: 0}
    - target: {fileID: 8814622139619343384, guid: 74905258b8668db4d862294f5a13b447,
        type: 3}
      propertyPath: correctAttachment
      value: 
      objectReference: {fileID: 7015772485835308354}
    m_RemovedComponents: []
  m_SourcePrefab: {fileID: 100100000, guid: 74905258b8668db4d862294f5a13b447, type: 3}
--- !u!4 &8806922583675297621 stripped
Transform:
  m_CorrespondingSourceObject: {fileID: 1282167659058350034, guid: 74905258b8668db4d862294f5a13b447,
    type: 3}
  m_PrefabInstance: {fileID: 7778655387212716167}
  m_PrefabAsset: {fileID: 0}
--- !u!114 &1270158026157057183 stripped
MonoBehaviour:
  m_CorrespondingSourceObject: {fileID: 8814622139619343384, guid: 74905258b8668db4d862294f5a13b447,
    type: 3}
  m_PrefabInstance: {fileID: 7778655387212716167}
  m_PrefabAsset: {fileID: 0}
  m_GameObject: {fileID: 0}
  m_Enabled: 1
  m_EditorHideFlags: 0
  m_Script: {fileID: 11500000, guid: b46793bc3c3fcf94aa14dd5e0a4fcef5, type: 3}
  m_Name: 
  m_EditorClassIdentifier: 
--- !u!1001 &8433576897407232058
PrefabInstance:
  m_ObjectHideFlags: 0
  serializedVersion: 2
  m_Modification:
    m_TransformParent: {fileID: 1179702002073550332}
    m_Modifications:
    - target: {fileID: 428870785229440584, guid: 74905258b8668db4d862294f5a13b447,
        type: 3}
      propertyPath: m_Name
      value: AttachmentPoint
      objectReference: {fileID: 0}
    - target: {fileID: 1282167659058350034, guid: 74905258b8668db4d862294f5a13b447,
        type: 3}
      propertyPath: m_LocalPosition.x
      value: 0
      objectReference: {fileID: 0}
    - target: {fileID: 1282167659058350034, guid: 74905258b8668db4d862294f5a13b447,
        type: 3}
      propertyPath: m_LocalPosition.y
      value: 0.05552437
      objectReference: {fileID: 0}
    - target: {fileID: 1282167659058350034, guid: 74905258b8668db4d862294f5a13b447,
        type: 3}
      propertyPath: m_LocalPosition.z
      value: -0.233
      objectReference: {fileID: 0}
    - target: {fileID: 1282167659058350034, guid: 74905258b8668db4d862294f5a13b447,
        type: 3}
      propertyPath: m_LocalRotation.x
      value: -0.7071068
      objectReference: {fileID: 0}
    - target: {fileID: 1282167659058350034, guid: 74905258b8668db4d862294f5a13b447,
        type: 3}
      propertyPath: m_LocalRotation.y
      value: -0
      objectReference: {fileID: 0}
    - target: {fileID: 1282167659058350034, guid: 74905258b8668db4d862294f5a13b447,
        type: 3}
      propertyPath: m_LocalRotation.z
      value: -0
      objectReference: {fileID: 0}
    - target: {fileID: 1282167659058350034, guid: 74905258b8668db4d862294f5a13b447,
        type: 3}
      propertyPath: m_LocalRotation.w
      value: 0.7071068
      objectReference: {fileID: 0}
    - target: {fileID: 1282167659058350034, guid: 74905258b8668db4d862294f5a13b447,
        type: 3}
      propertyPath: m_RootOrder
      value: 3
      objectReference: {fileID: 0}
    - target: {fileID: 1282167659058350034, guid: 74905258b8668db4d862294f5a13b447,
        type: 3}
      propertyPath: m_LocalEulerAnglesHint.x
      value: 0
      objectReference: {fileID: 0}
    - target: {fileID: 1282167659058350034, guid: 74905258b8668db4d862294f5a13b447,
        type: 3}
      propertyPath: m_LocalEulerAnglesHint.y
      value: 0
      objectReference: {fileID: 0}
    - target: {fileID: 1282167659058350034, guid: 74905258b8668db4d862294f5a13b447,
        type: 3}
      propertyPath: m_LocalEulerAnglesHint.z
      value: 0
      objectReference: {fileID: 0}
    - target: {fileID: 8814622139619343384, guid: 74905258b8668db4d862294f5a13b447,
        type: 3}
      propertyPath: correctAttachment
      value: 
      objectReference: {fileID: 1112892708985628220}
    m_RemovedComponents: []
  m_SourcePrefab: {fileID: 100100000, guid: 74905258b8668db4d862294f5a13b447, type: 3}
--- !u!4 &7260146952741646312 stripped
Transform:
  m_CorrespondingSourceObject: {fileID: 1282167659058350034, guid: 74905258b8668db4d862294f5a13b447,
    type: 3}
  m_PrefabInstance: {fileID: 8433576897407232058}
  m_PrefabAsset: {fileID: 0}
--- !u!114 &1106128089431921698 stripped
MonoBehaviour:
  m_CorrespondingSourceObject: {fileID: 8814622139619343384, guid: 74905258b8668db4d862294f5a13b447,
    type: 3}
  m_PrefabInstance: {fileID: 8433576897407232058}
  m_PrefabAsset: {fileID: 0}
  m_GameObject: {fileID: 0}
  m_Enabled: 1
  m_EditorHideFlags: 0
  m_Script: {fileID: 11500000, guid: b46793bc3c3fcf94aa14dd5e0a4fcef5, type: 3}
  m_Name: 
  m_EditorClassIdentifier: 
--- !u!1001 &8440341807005964836
PrefabInstance:
  m_ObjectHideFlags: 0
  serializedVersion: 2
  m_Modification:
    m_TransformParent: {fileID: 3264347721109621856}
    m_Modifications:
    - target: {fileID: 428870785229440584, guid: 74905258b8668db4d862294f5a13b447,
        type: 3}
      propertyPath: m_Name
      value: AttachmentPoint
      objectReference: {fileID: 0}
    - target: {fileID: 1282167659058350034, guid: 74905258b8668db4d862294f5a13b447,
        type: 3}
      propertyPath: m_LocalPosition.x
      value: 0
      objectReference: {fileID: 0}
    - target: {fileID: 1282167659058350034, guid: 74905258b8668db4d862294f5a13b447,
        type: 3}
      propertyPath: m_LocalPosition.y
      value: 0.0098320395
      objectReference: {fileID: 0}
    - target: {fileID: 1282167659058350034, guid: 74905258b8668db4d862294f5a13b447,
        type: 3}
      propertyPath: m_LocalPosition.z
      value: -0.21280442
      objectReference: {fileID: 0}
    - target: {fileID: 1282167659058350034, guid: 74905258b8668db4d862294f5a13b447,
        type: 3}
      propertyPath: m_LocalRotation.x
      value: 1
      objectReference: {fileID: 0}
    - target: {fileID: 1282167659058350034, guid: 74905258b8668db4d862294f5a13b447,
        type: 3}
      propertyPath: m_LocalRotation.y
      value: 0
      objectReference: {fileID: 0}
    - target: {fileID: 1282167659058350034, guid: 74905258b8668db4d862294f5a13b447,
        type: 3}
      propertyPath: m_LocalRotation.z
      value: 0
      objectReference: {fileID: 0}
    - target: {fileID: 1282167659058350034, guid: 74905258b8668db4d862294f5a13b447,
        type: 3}
      propertyPath: m_LocalRotation.w
      value: -0.00000013311836
      objectReference: {fileID: 0}
    - target: {fileID: 1282167659058350034, guid: 74905258b8668db4d862294f5a13b447,
        type: 3}
      propertyPath: m_RootOrder
      value: 0
      objectReference: {fileID: 0}
    - target: {fileID: 1282167659058350034, guid: 74905258b8668db4d862294f5a13b447,
        type: 3}
      propertyPath: m_LocalEulerAnglesHint.x
      value: 0
      objectReference: {fileID: 0}
    - target: {fileID: 1282167659058350034, guid: 74905258b8668db4d862294f5a13b447,
        type: 3}
      propertyPath: m_LocalEulerAnglesHint.y
      value: 0
      objectReference: {fileID: 0}
    - target: {fileID: 1282167659058350034, guid: 74905258b8668db4d862294f5a13b447,
        type: 3}
      propertyPath: m_LocalEulerAnglesHint.z
      value: 0
      objectReference: {fileID: 0}
    - target: {fileID: 8814622139619343384, guid: 74905258b8668db4d862294f5a13b447,
        type: 3}
      propertyPath: correctAttachment
      value: 
      objectReference: {fileID: 1106128089431921698}
    m_RemovedComponents: []
  m_SourcePrefab: {fileID: 100100000, guid: 74905258b8668db4d862294f5a13b447, type: 3}
--- !u!114 &1112892708985628220 stripped
MonoBehaviour:
  m_CorrespondingSourceObject: {fileID: 8814622139619343384, guid: 74905258b8668db4d862294f5a13b447,
    type: 3}
  m_PrefabInstance: {fileID: 8440341807005964836}
  m_PrefabAsset: {fileID: 0}
  m_GameObject: {fileID: 0}
  m_Enabled: 1
  m_EditorHideFlags: 0
  m_Script: {fileID: 11500000, guid: b46793bc3c3fcf94aa14dd5e0a4fcef5, type: 3}
  m_Name: 
  m_EditorClassIdentifier: 
--- !u!4 &7271398696444681718 stripped
Transform:
  m_CorrespondingSourceObject: {fileID: 1282167659058350034, guid: 74905258b8668db4d862294f5a13b447,
    type: 3}
  m_PrefabInstance: {fileID: 8440341807005964836}
  m_PrefabAsset: {fileID: 0}
