%YAML 1.1
%TAG !u! tag:unity3d.com,2011:
--- !u!1 &1280652800780021196
GameObject:
  m_ObjectHideFlags: 0
  m_CorrespondingSourceObject: {fileID: 0}
  m_PrefabInstance: {fileID: 0}
  m_PrefabAsset: {fileID: 0}
  serializedVersion: 6
  m_Component:
  - component: {fileID: 4975793697978684886}
  - component: {fileID: 1902122691390466950}
  - component: {fileID: 7483394342678648395}
  - component: {fileID: 7891129585419460713}
  m_Layer: 9
  m_Name: Table.003
  m_TagString: Untagged
  m_Icon: {fileID: 0}
  m_NavMeshLayer: 0
  m_StaticEditorFlags: 0
  m_IsActive: 1
--- !u!4 &4975793697978684886
Transform:
  m_ObjectHideFlags: 0
  m_CorrespondingSourceObject: {fileID: 0}
  m_PrefabInstance: {fileID: 0}
  m_PrefabAsset: {fileID: 0}
  m_GameObject: {fileID: 1280652800780021196}
  m_LocalRotation: {x: -0.7071068, y: -0, z: -0, w: 0.7071067}
  m_LocalPosition: {x: 0, y: 0, z: 0}
  m_LocalScale: {x: 1, y: 1, z: 1}
  m_Children: []
  m_Father: {fileID: 2050503171841089805}
  m_RootOrder: 0
  m_LocalEulerAnglesHint: {x: 0, y: 0, z: 0}
--- !u!33 &1902122691390466950
MeshFilter:
  m_ObjectHideFlags: 0
  m_CorrespondingSourceObject: {fileID: 0}
  m_PrefabInstance: {fileID: 0}
  m_PrefabAsset: {fileID: 0}
  m_GameObject: {fileID: 1280652800780021196}
  m_Mesh: {fileID: 2692889195491215165, guid: c727110a0772ca84ca9752426680c6b9, type: 3}
--- !u!23 &7483394342678648395
MeshRenderer:
  m_ObjectHideFlags: 0
  m_CorrespondingSourceObject: {fileID: 0}
  m_PrefabInstance: {fileID: 0}
  m_PrefabAsset: {fileID: 0}
  m_GameObject: {fileID: 1280652800780021196}
  m_Enabled: 1
  m_CastShadows: 1
  m_ReceiveShadows: 1
  m_DynamicOccludee: 1
  m_MotionVectors: 1
  m_LightProbeUsage: 1
  m_ReflectionProbeUsage: 1
  m_RayTracingMode: 2
  m_RenderingLayerMask: 1
  m_RendererPriority: 0
  m_Materials:
  - {fileID: 2100000, guid: 6bc6a59c61702e74fafc91528a21cb6f, type: 2}
  m_StaticBatchInfo:
    firstSubMesh: 0
    subMeshCount: 0
  m_StaticBatchRoot: {fileID: 0}
  m_ProbeAnchor: {fileID: 0}
  m_LightProbeVolumeOverride: {fileID: 0}
  m_ScaleInLightmap: 1
  m_ReceiveGI: 1
  m_PreserveUVs: 0
  m_IgnoreNormalsForChartDetection: 0
  m_ImportantGI: 0
  m_StitchLightmapSeams: 1
  m_SelectedEditorRenderState: 3
  m_MinimumChartSize: 4
  m_AutoUVMaxDistance: 0.5
  m_AutoUVMaxAngle: 89
  m_LightmapParameters: {fileID: 0}
  m_SortingLayerID: 0
  m_SortingLayer: 0
  m_SortingOrder: 0
--- !u!64 &7891129585419460713
MeshCollider:
  m_ObjectHideFlags: 0
  m_CorrespondingSourceObject: {fileID: 0}
  m_PrefabInstance: {fileID: 0}
  m_PrefabAsset: {fileID: 0}
  m_GameObject: {fileID: 1280652800780021196}
  m_Material: {fileID: 0}
  m_IsTrigger: 0
  m_Enabled: 1
  serializedVersion: 4
  m_Convex: 1
  m_CookingOptions: 30
  m_Mesh: {fileID: 2692889195491215165, guid: c727110a0772ca84ca9752426680c6b9, type: 3}
--- !u!1 &2094454644821174479
GameObject:
  m_ObjectHideFlags: 0
  m_CorrespondingSourceObject: {fileID: 0}
  m_PrefabInstance: {fileID: 0}
  m_PrefabAsset: {fileID: 0}
  serializedVersion: 6
  m_Component:
  - component: {fileID: 210118377438058191}
  - component: {fileID: 2434449011458619479}
  - component: {fileID: 4383230203126212317}
  - component: {fileID: 3418822341394177915}
  m_Layer: 9
  m_Name: Table.002
  m_TagString: Untagged
  m_Icon: {fileID: 0}
  m_NavMeshLayer: 0
  m_StaticEditorFlags: 0
  m_IsActive: 1
--- !u!4 &210118377438058191
Transform:
  m_ObjectHideFlags: 0
  m_CorrespondingSourceObject: {fileID: 0}
  m_PrefabInstance: {fileID: 0}
  m_PrefabAsset: {fileID: 0}
  m_GameObject: {fileID: 2094454644821174479}
  m_LocalRotation: {x: -0.7071068, y: -0, z: -0, w: 0.7071067}
  m_LocalPosition: {x: 0, y: 0, z: 0}
  m_LocalScale: {x: 1, y: 1, z: 1}
  m_Children: []
  m_Father: {fileID: 1925279911067722500}
  m_RootOrder: 0
  m_LocalEulerAnglesHint: {x: 0, y: 0, z: 0}
--- !u!33 &2434449011458619479
MeshFilter:
  m_ObjectHideFlags: 0
  m_CorrespondingSourceObject: {fileID: 0}
  m_PrefabInstance: {fileID: 0}
  m_PrefabAsset: {fileID: 0}
  m_GameObject: {fileID: 2094454644821174479}
  m_Mesh: {fileID: -5795158982173061755, guid: c727110a0772ca84ca9752426680c6b9, type: 3}
--- !u!23 &4383230203126212317
MeshRenderer:
  m_ObjectHideFlags: 0
  m_CorrespondingSourceObject: {fileID: 0}
  m_PrefabInstance: {fileID: 0}
  m_PrefabAsset: {fileID: 0}
  m_GameObject: {fileID: 2094454644821174479}
  m_Enabled: 1
  m_CastShadows: 1
  m_ReceiveShadows: 1
  m_DynamicOccludee: 1
  m_MotionVectors: 1
  m_LightProbeUsage: 1
  m_ReflectionProbeUsage: 1
  m_RayTracingMode: 2
  m_RenderingLayerMask: 1
  m_RendererPriority: 0
  m_Materials:
  - {fileID: 2100000, guid: 6bc6a59c61702e74fafc91528a21cb6f, type: 2}
  m_StaticBatchInfo:
    firstSubMesh: 0
    subMeshCount: 0
  m_StaticBatchRoot: {fileID: 0}
  m_ProbeAnchor: {fileID: 0}
  m_LightProbeVolumeOverride: {fileID: 0}
  m_ScaleInLightmap: 1
  m_ReceiveGI: 1
  m_PreserveUVs: 0
  m_IgnoreNormalsForChartDetection: 0
  m_ImportantGI: 0
  m_StitchLightmapSeams: 1
  m_SelectedEditorRenderState: 3
  m_MinimumChartSize: 4
  m_AutoUVMaxDistance: 0.5
  m_AutoUVMaxAngle: 89
  m_LightmapParameters: {fileID: 0}
  m_SortingLayerID: 0
  m_SortingLayer: 0
  m_SortingOrder: 0
--- !u!64 &3418822341394177915
MeshCollider:
  m_ObjectHideFlags: 0
  m_CorrespondingSourceObject: {fileID: 0}
  m_PrefabInstance: {fileID: 0}
  m_PrefabAsset: {fileID: 0}
  m_GameObject: {fileID: 2094454644821174479}
  m_Material: {fileID: 0}
  m_IsTrigger: 0
  m_Enabled: 1
  serializedVersion: 4
  m_Convex: 1
  m_CookingOptions: 30
  m_Mesh: {fileID: -5795158982173061755, guid: c727110a0772ca84ca9752426680c6b9, type: 3}
--- !u!1 &2250179233994471313
GameObject:
  m_ObjectHideFlags: 0
  m_CorrespondingSourceObject: {fileID: 0}
  m_PrefabInstance: {fileID: 0}
  m_PrefabAsset: {fileID: 0}
  serializedVersion: 6
  m_Component:
  - component: {fileID: 3704907545995758509}
  - component: {fileID: 1231918583965090174}
  - component: {fileID: 3494441910751089664}
  - component: {fileID: 3104342406470668343}
  m_Layer: 9
  m_Name: Table.006
  m_TagString: Untagged
  m_Icon: {fileID: 0}
  m_NavMeshLayer: 0
  m_StaticEditorFlags: 0
  m_IsActive: 1
--- !u!4 &3704907545995758509
Transform:
  m_ObjectHideFlags: 0
  m_CorrespondingSourceObject: {fileID: 0}
  m_PrefabInstance: {fileID: 0}
  m_PrefabAsset: {fileID: 0}
  m_GameObject: {fileID: 2250179233994471313}
  m_LocalRotation: {x: -0.7071068, y: -0, z: -0, w: 0.7071067}
  m_LocalPosition: {x: 0.7446356, y: -0.8443625, z: -1.3369515}
  m_LocalScale: {x: 1, y: 1, z: 1}
  m_Children: []
  m_Father: {fileID: 2050503171841089805}
  m_RootOrder: 3
  m_LocalEulerAnglesHint: {x: 0, y: 0, z: 0}
--- !u!33 &1231918583965090174
MeshFilter:
  m_ObjectHideFlags: 0
  m_CorrespondingSourceObject: {fileID: 0}
  m_PrefabInstance: {fileID: 0}
  m_PrefabAsset: {fileID: 0}
  m_GameObject: {fileID: 2250179233994471313}
  m_Mesh: {fileID: -6838387562963134039, guid: c727110a0772ca84ca9752426680c6b9, type: 3}
--- !u!23 &3494441910751089664
MeshRenderer:
  m_ObjectHideFlags: 0
  m_CorrespondingSourceObject: {fileID: 0}
  m_PrefabInstance: {fileID: 0}
  m_PrefabAsset: {fileID: 0}
  m_GameObject: {fileID: 2250179233994471313}
  m_Enabled: 1
  m_CastShadows: 1
  m_ReceiveShadows: 1
  m_DynamicOccludee: 1
  m_MotionVectors: 1
  m_LightProbeUsage: 1
  m_ReflectionProbeUsage: 1
  m_RayTracingMode: 2
  m_RenderingLayerMask: 1
  m_RendererPriority: 0
  m_Materials:
  - {fileID: 2100000, guid: 6bc6a59c61702e74fafc91528a21cb6f, type: 2}
  m_StaticBatchInfo:
    firstSubMesh: 0
    subMeshCount: 0
  m_StaticBatchRoot: {fileID: 0}
  m_ProbeAnchor: {fileID: 0}
  m_LightProbeVolumeOverride: {fileID: 0}
  m_ScaleInLightmap: 1
  m_ReceiveGI: 1
  m_PreserveUVs: 0
  m_IgnoreNormalsForChartDetection: 0
  m_ImportantGI: 0
  m_StitchLightmapSeams: 1
  m_SelectedEditorRenderState: 3
  m_MinimumChartSize: 4
  m_AutoUVMaxDistance: 0.5
  m_AutoUVMaxAngle: 89
  m_LightmapParameters: {fileID: 0}
  m_SortingLayerID: 0
  m_SortingLayer: 0
  m_SortingOrder: 0
--- !u!64 &3104342406470668343
MeshCollider:
  m_ObjectHideFlags: 0
  m_CorrespondingSourceObject: {fileID: 0}
  m_PrefabInstance: {fileID: 0}
  m_PrefabAsset: {fileID: 0}
  m_GameObject: {fileID: 2250179233994471313}
  m_Material: {fileID: 0}
  m_IsTrigger: 0
  m_Enabled: 1
  serializedVersion: 4
  m_Convex: 1
  m_CookingOptions: 30
  m_Mesh: {fileID: -6838387562963134039, guid: c727110a0772ca84ca9752426680c6b9, type: 3}
--- !u!1 &2446310318574069621
GameObject:
  m_ObjectHideFlags: 0
  m_CorrespondingSourceObject: {fileID: 0}
  m_PrefabInstance: {fileID: 0}
  m_PrefabAsset: {fileID: 0}
  serializedVersion: 6
  m_Component:
  - component: {fileID: 8598282012507636459}
  - component: {fileID: 6513607521876171300}
  - component: {fileID: 8835513944847543623}
  - component: {fileID: 9070347814853169076}
  m_Layer: 9
  m_Name: Table
  m_TagString: Untagged
  m_Icon: {fileID: 0}
  m_NavMeshLayer: 0
  m_StaticEditorFlags: 0
  m_IsActive: 1
--- !u!4 &8598282012507636459
Transform:
  m_ObjectHideFlags: 0
  m_CorrespondingSourceObject: {fileID: 0}
  m_PrefabInstance: {fileID: 0}
  m_PrefabAsset: {fileID: 0}
  m_GameObject: {fileID: 2446310318574069621}
  m_LocalRotation: {x: -0.7071068, y: -0, z: -0, w: 0.7071067}
  m_LocalPosition: {x: -0.79765844, y: -0.5713613, z: 0.65101624}
  m_LocalScale: {x: 1, y: 1, z: 1}
  m_Children: []
  m_Father: {fileID: 1925279911067722500}
  m_RootOrder: 2
  m_LocalEulerAnglesHint: {x: 0, y: 0, z: 0}
--- !u!33 &6513607521876171300
MeshFilter:
  m_ObjectHideFlags: 0
  m_CorrespondingSourceObject: {fileID: 0}
  m_PrefabInstance: {fileID: 0}
  m_PrefabAsset: {fileID: 0}
  m_GameObject: {fileID: 2446310318574069621}
  m_Mesh: {fileID: -6692290496178104961, guid: c727110a0772ca84ca9752426680c6b9, type: 3}
--- !u!23 &8835513944847543623
MeshRenderer:
  m_ObjectHideFlags: 0
  m_CorrespondingSourceObject: {fileID: 0}
  m_PrefabInstance: {fileID: 0}
  m_PrefabAsset: {fileID: 0}
  m_GameObject: {fileID: 2446310318574069621}
  m_Enabled: 1
  m_CastShadows: 1
  m_ReceiveShadows: 1
  m_DynamicOccludee: 1
  m_MotionVectors: 1
  m_LightProbeUsage: 1
  m_ReflectionProbeUsage: 1
  m_RayTracingMode: 2
  m_RenderingLayerMask: 1
  m_RendererPriority: 0
  m_Materials:
  - {fileID: 2100000, guid: 6bc6a59c61702e74fafc91528a21cb6f, type: 2}
  m_StaticBatchInfo:
    firstSubMesh: 0
    subMeshCount: 0
  m_StaticBatchRoot: {fileID: 0}
  m_ProbeAnchor: {fileID: 0}
  m_LightProbeVolumeOverride: {fileID: 0}
  m_ScaleInLightmap: 1
  m_ReceiveGI: 1
  m_PreserveUVs: 0
  m_IgnoreNormalsForChartDetection: 0
  m_ImportantGI: 0
  m_StitchLightmapSeams: 1
  m_SelectedEditorRenderState: 3
  m_MinimumChartSize: 4
  m_AutoUVMaxDistance: 0.5
  m_AutoUVMaxAngle: 89
  m_LightmapParameters: {fileID: 0}
  m_SortingLayerID: 0
  m_SortingLayer: 0
  m_SortingOrder: 0
--- !u!64 &9070347814853169076
MeshCollider:
  m_ObjectHideFlags: 0
  m_CorrespondingSourceObject: {fileID: 0}
  m_PrefabInstance: {fileID: 0}
  m_PrefabAsset: {fileID: 0}
  m_GameObject: {fileID: 2446310318574069621}
  m_Material: {fileID: 0}
  m_IsTrigger: 0
  m_Enabled: 1
  serializedVersion: 4
  m_Convex: 1
  m_CookingOptions: 30
  m_Mesh: {fileID: -6692290496178104961, guid: c727110a0772ca84ca9752426680c6b9, type: 3}
--- !u!1 &4431989964836080273
GameObject:
  m_ObjectHideFlags: 0
  m_CorrespondingSourceObject: {fileID: 0}
  m_PrefabInstance: {fileID: 0}
  m_PrefabAsset: {fileID: 0}
  serializedVersion: 6
  m_Component:
  - component: {fileID: 3337205758285708647}
  - component: {fileID: 5166132240586219724}
  - component: {fileID: 8686363959613520611}
  - component: {fileID: 4074469308678320018}
  m_Layer: 9
  m_Name: Table.004
  m_TagString: Untagged
  m_Icon: {fileID: 0}
  m_NavMeshLayer: 0
  m_StaticEditorFlags: 0
  m_IsActive: 1
--- !u!4 &3337205758285708647
Transform:
  m_ObjectHideFlags: 0
  m_CorrespondingSourceObject: {fileID: 0}
  m_PrefabInstance: {fileID: 0}
  m_PrefabAsset: {fileID: 0}
  m_GameObject: {fileID: 4431989964836080273}
  m_LocalRotation: {x: -0.7071068, y: -0, z: -0, w: 0.7071067}
  m_LocalPosition: {x: -0.79765844, y: -0.31515658, z: -1.336951}
  m_LocalScale: {x: 1, y: 1, z: 1}
  m_Children: []
  m_Father: {fileID: 2050503171841089805}
  m_RootOrder: 1
  m_LocalEulerAnglesHint: {x: 0, y: 0, z: 0}
--- !u!33 &5166132240586219724
MeshFilter:
  m_ObjectHideFlags: 0
  m_CorrespondingSourceObject: {fileID: 0}
  m_PrefabInstance: {fileID: 0}
  m_PrefabAsset: {fileID: 0}
  m_GameObject: {fileID: 4431989964836080273}
  m_Mesh: {fileID: 632285366974254814, guid: c727110a0772ca84ca9752426680c6b9, type: 3}
--- !u!23 &8686363959613520611
MeshRenderer:
  m_ObjectHideFlags: 0
  m_CorrespondingSourceObject: {fileID: 0}
  m_PrefabInstance: {fileID: 0}
  m_PrefabAsset: {fileID: 0}
  m_GameObject: {fileID: 4431989964836080273}
  m_Enabled: 1
  m_CastShadows: 1
  m_ReceiveShadows: 1
  m_DynamicOccludee: 1
  m_MotionVectors: 1
  m_LightProbeUsage: 1
  m_ReflectionProbeUsage: 1
  m_RayTracingMode: 2
  m_RenderingLayerMask: 1
  m_RendererPriority: 0
  m_Materials:
  - {fileID: 2100000, guid: 6bc6a59c61702e74fafc91528a21cb6f, type: 2}
  m_StaticBatchInfo:
    firstSubMesh: 0
    subMeshCount: 0
  m_StaticBatchRoot: {fileID: 0}
  m_ProbeAnchor: {fileID: 0}
  m_LightProbeVolumeOverride: {fileID: 0}
  m_ScaleInLightmap: 1
  m_ReceiveGI: 1
  m_PreserveUVs: 0
  m_IgnoreNormalsForChartDetection: 0
  m_ImportantGI: 0
  m_StitchLightmapSeams: 1
  m_SelectedEditorRenderState: 3
  m_MinimumChartSize: 4
  m_AutoUVMaxDistance: 0.5
  m_AutoUVMaxAngle: 89
  m_LightmapParameters: {fileID: 0}
  m_SortingLayerID: 0
  m_SortingLayer: 0
  m_SortingOrder: 0
--- !u!64 &4074469308678320018
MeshCollider:
  m_ObjectHideFlags: 0
  m_CorrespondingSourceObject: {fileID: 0}
  m_PrefabInstance: {fileID: 0}
  m_PrefabAsset: {fileID: 0}
  m_GameObject: {fileID: 4431989964836080273}
  m_Material: {fileID: 0}
  m_IsTrigger: 0
  m_Enabled: 1
  serializedVersion: 4
  m_Convex: 1
  m_CookingOptions: 30
  m_Mesh: {fileID: 632285366974254814, guid: c727110a0772ca84ca9752426680c6b9, type: 3}
--- !u!1 &5202413914911178039
GameObject:
  m_ObjectHideFlags: 0
  m_CorrespondingSourceObject: {fileID: 0}
  m_PrefabInstance: {fileID: 0}
  m_PrefabAsset: {fileID: 0}
  serializedVersion: 6
  m_Component:
  - component: {fileID: 9109082461899493156}
  - component: {fileID: 8350699683213804683}
  m_Layer: 0
  m_Name: Table
  m_TagString: Untagged
  m_Icon: {fileID: 0}
  m_NavMeshLayer: 0
  m_StaticEditorFlags: 0
  m_IsActive: 1
--- !u!4 &9109082461899493156
Transform:
  m_ObjectHideFlags: 0
  m_CorrespondingSourceObject: {fileID: 0}
  m_PrefabInstance: {fileID: 0}
  m_PrefabAsset: {fileID: 0}
  m_GameObject: {fileID: 5202413914911178039}
  m_LocalRotation: {x: 0, y: 0, z: 0, w: 1}
  m_LocalPosition: {x: -0.34667698, y: 0, z: -1.9707236}
  m_LocalScale: {x: 0.25, y: 0.25, z: 0.25}
  m_Children:
  - {fileID: 1925279911067722500}
  - {fileID: 2050503171841089805}
  - {fileID: 4362683482736992844}
  - {fileID: 466185861251799637}
  - {fileID: 950221667247822288}
  m_Father: {fileID: 0}
  m_RootOrder: 0
  m_LocalEulerAnglesHint: {x: 0, y: 0, z: 0}
--- !u!114 &8350699683213804683
MonoBehaviour:
  m_ObjectHideFlags: 0
  m_CorrespondingSourceObject: {fileID: 0}
  m_PrefabInstance: {fileID: 0}
  m_PrefabAsset: {fileID: 0}
  m_GameObject: {fileID: 5202413914911178039}
  m_Enabled: 1
  m_EditorHideFlags: 0
  m_Script: {fileID: 11500000, guid: f93428cd8ebc0a74da015484196cf8bb, type: 3}
  m_Name: 
  m_EditorClassIdentifier: 
  itemMaterial: 0
  attachmentPointTemplate: {fileID: 8814622139619343384, guid: 74905258b8668db4d862294f5a13b447,
    type: 3}
  configuredAttachmentPoints:
  - {fileID: 2052950485061973055}
  - {fileID: 8240411265646016979}
  - {fileID: 924290512933446781}
  - {fileID: 2978339157158496801}
  minSellAmount: 4.3
  maxSellAmount: 34.2
  assemblePositionHeight: 4
  attachmentPointScale: 1
--- !u!1 &6227572836604340458
GameObject:
  m_ObjectHideFlags: 0
  m_CorrespondingSourceObject: {fileID: 0}
  m_PrefabInstance: {fileID: 0}
  m_PrefabAsset: {fileID: 0}
  serializedVersion: 6
  m_Component:
  - component: {fileID: 2050503171841089805}
  - component: {fileID: 6987744177102764931}
  - component: {fileID: 5441472633395642611}
  m_Layer: 9
  m_Name: Table
  m_TagString: Untagged
  m_Icon: {fileID: 0}
  m_NavMeshLayer: 0
  m_StaticEditorFlags: 0
  m_IsActive: 1
--- !u!4 &2050503171841089805
Transform:
  m_ObjectHideFlags: 0
  m_CorrespondingSourceObject: {fileID: 0}
  m_PrefabInstance: {fileID: 0}
  m_PrefabAsset: {fileID: 0}
  m_GameObject: {fileID: 6227572836604340458}
  m_LocalRotation: {x: 0, y: 0, z: 0, w: 1}
  m_LocalPosition: {x: 0.02437523, y: 1, z: -0.48030972}
  m_LocalScale: {x: 1, y: 1, z: 1}
  m_Children:
  - {fileID: 4975793697978684886}
  - {fileID: 3337205758285708647}
  - {fileID: 6752331780492123381}
  - {fileID: 3704907545995758509}
  - {fileID: 1856374690043527705}
  - {fileID: 4813740237932376555}
  m_Father: {fileID: 9109082461899493156}
  m_RootOrder: 1
  m_LocalEulerAnglesHint: {x: 0, y: 0, z: 0}
--- !u!114 &6987744177102764931
MonoBehaviour:
  m_ObjectHideFlags: 0
  m_CorrespondingSourceObject: {fileID: 0}
  m_PrefabInstance: {fileID: 0}
  m_PrefabAsset: {fileID: 0}
  m_GameObject: {fileID: 6227572836604340458}
  m_Enabled: 1
  m_EditorHideFlags: 0
  m_Script: {fileID: 11500000, guid: 02c7efa0fe214ae4297ab3339836cc31, type: 3}
  m_Name: 
  m_EditorClassIdentifier: 
--- !u!54 &5441472633395642611
Rigidbody:
  m_ObjectHideFlags: 0
  m_CorrespondingSourceObject: {fileID: 0}
  m_PrefabInstance: {fileID: 0}
  m_PrefabAsset: {fileID: 0}
  m_GameObject: {fileID: 6227572836604340458}
  serializedVersion: 2
  m_Mass: 1
  m_Drag: 0.3
  m_AngularDrag: 0.3
  m_UseGravity: 1
  m_IsKinematic: 0
  m_Interpolate: 0
  m_Constraints: 0
  m_CollisionDetection: 3
--- !u!1 &6461685461862859511
GameObject:
  m_ObjectHideFlags: 0
  m_CorrespondingSourceObject: {fileID: 0}
  m_PrefabInstance: {fileID: 0}
  m_PrefabAsset: {fileID: 0}
  serializedVersion: 6
  m_Component:
  - component: {fileID: 6752331780492123381}
  - component: {fileID: 82127874314634995}
  - component: {fileID: 4440244278677106456}
  - component: {fileID: 5376404680410505536}
  m_Layer: 9
  m_Name: Table.005
  m_TagString: Untagged
  m_Icon: {fileID: 0}
  m_NavMeshLayer: 0
  m_StaticEditorFlags: 0
  m_IsActive: 1
--- !u!4 &6752331780492123381
Transform:
  m_ObjectHideFlags: 0
  m_CorrespondingSourceObject: {fileID: 0}
  m_PrefabInstance: {fileID: 0}
  m_PrefabAsset: {fileID: 0}
  m_GameObject: {fileID: 6461685461862859511}
  m_LocalRotation: {x: -0.7071068, y: -0, z: -0, w: 0.7071067}
  m_LocalPosition: {x: 0.7446356, y: -0.41572392, z: -1.3369508}
  m_LocalScale: {x: 1, y: 1, z: 1}
  m_Children: []
  m_Father: {fileID: 2050503171841089805}
  m_RootOrder: 2
  m_LocalEulerAnglesHint: {x: 0, y: 0, z: 0}
--- !u!33 &82127874314634995
MeshFilter:
  m_ObjectHideFlags: 0
  m_CorrespondingSourceObject: {fileID: 0}
  m_PrefabInstance: {fileID: 0}
  m_PrefabAsset: {fileID: 0}
  m_GameObject: {fileID: 6461685461862859511}
  m_Mesh: {fileID: 2690104283684236836, guid: c727110a0772ca84ca9752426680c6b9, type: 3}
--- !u!23 &4440244278677106456
MeshRenderer:
  m_ObjectHideFlags: 0
  m_CorrespondingSourceObject: {fileID: 0}
  m_PrefabInstance: {fileID: 0}
  m_PrefabAsset: {fileID: 0}
  m_GameObject: {fileID: 6461685461862859511}
  m_Enabled: 1
  m_CastShadows: 1
  m_ReceiveShadows: 1
  m_DynamicOccludee: 1
  m_MotionVectors: 1
  m_LightProbeUsage: 1
  m_ReflectionProbeUsage: 1
  m_RayTracingMode: 2
  m_RenderingLayerMask: 1
  m_RendererPriority: 0
  m_Materials:
  - {fileID: 2100000, guid: 6bc6a59c61702e74fafc91528a21cb6f, type: 2}
  m_StaticBatchInfo:
    firstSubMesh: 0
    subMeshCount: 0
  m_StaticBatchRoot: {fileID: 0}
  m_ProbeAnchor: {fileID: 0}
  m_LightProbeVolumeOverride: {fileID: 0}
  m_ScaleInLightmap: 1
  m_ReceiveGI: 1
  m_PreserveUVs: 0
  m_IgnoreNormalsForChartDetection: 0
  m_ImportantGI: 0
  m_StitchLightmapSeams: 1
  m_SelectedEditorRenderState: 3
  m_MinimumChartSize: 4
  m_AutoUVMaxDistance: 0.5
  m_AutoUVMaxAngle: 89
  m_LightmapParameters: {fileID: 0}
  m_SortingLayerID: 0
  m_SortingLayer: 0
  m_SortingOrder: 0
--- !u!64 &5376404680410505536
MeshCollider:
  m_ObjectHideFlags: 0
  m_CorrespondingSourceObject: {fileID: 0}
  m_PrefabInstance: {fileID: 0}
  m_PrefabAsset: {fileID: 0}
  m_GameObject: {fileID: 6461685461862859511}
  m_Material: {fileID: 0}
  m_IsTrigger: 0
  m_Enabled: 1
  serializedVersion: 4
  m_Convex: 1
  m_CookingOptions: 30
  m_Mesh: {fileID: 2690104283684236836, guid: c727110a0772ca84ca9752426680c6b9, type: 3}
--- !u!1 &6897444446024815446
GameObject:
  m_ObjectHideFlags: 0
  m_CorrespondingSourceObject: {fileID: 0}
  m_PrefabInstance: {fileID: 0}
  m_PrefabAsset: {fileID: 0}
  serializedVersion: 6
  m_Component:
  - component: {fileID: 2532871624323231013}
  - component: {fileID: 834607612767416581}
  - component: {fileID: 3399523095101875644}
  - component: {fileID: 3670926539907915906}
  m_Layer: 9
  m_Name: Table.007
  m_TagString: Untagged
  m_Icon: {fileID: 0}
  m_NavMeshLayer: 0
  m_StaticEditorFlags: 0
  m_IsActive: 1
--- !u!4 &2532871624323231013
Transform:
  m_ObjectHideFlags: 0
  m_CorrespondingSourceObject: {fileID: 0}
  m_PrefabInstance: {fileID: 0}
  m_PrefabAsset: {fileID: 0}
  m_GameObject: {fileID: 6897444446024815446}
  m_LocalRotation: {x: -0.7071068, y: -0, z: -0, w: 0.7071067}
  m_LocalPosition: {x: 0, y: 0, z: 0}
  m_LocalScale: {x: 1, y: 1, z: 1}
  m_Children: []
  m_Father: {fileID: 4362683482736992844}
  m_RootOrder: 0
  m_LocalEulerAnglesHint: {x: 0, y: 0, z: 0}
--- !u!33 &834607612767416581
MeshFilter:
  m_ObjectHideFlags: 0
  m_CorrespondingSourceObject: {fileID: 0}
  m_PrefabInstance: {fileID: 0}
  m_PrefabAsset: {fileID: 0}
  m_GameObject: {fileID: 6897444446024815446}
  m_Mesh: {fileID: -4009968808219775623, guid: c727110a0772ca84ca9752426680c6b9, type: 3}
--- !u!23 &3399523095101875644
MeshRenderer:
  m_ObjectHideFlags: 0
  m_CorrespondingSourceObject: {fileID: 0}
  m_PrefabInstance: {fileID: 0}
  m_PrefabAsset: {fileID: 0}
  m_GameObject: {fileID: 6897444446024815446}
  m_Enabled: 1
  m_CastShadows: 1
  m_ReceiveShadows: 1
  m_DynamicOccludee: 1
  m_MotionVectors: 1
  m_LightProbeUsage: 1
  m_ReflectionProbeUsage: 1
  m_RayTracingMode: 2
  m_RenderingLayerMask: 1
  m_RendererPriority: 0
  m_Materials:
  - {fileID: 2100000, guid: 6bc6a59c61702e74fafc91528a21cb6f, type: 2}
  m_StaticBatchInfo:
    firstSubMesh: 0
    subMeshCount: 0
  m_StaticBatchRoot: {fileID: 0}
  m_ProbeAnchor: {fileID: 0}
  m_LightProbeVolumeOverride: {fileID: 0}
  m_ScaleInLightmap: 1
  m_ReceiveGI: 1
  m_PreserveUVs: 0
  m_IgnoreNormalsForChartDetection: 0
  m_ImportantGI: 0
  m_StitchLightmapSeams: 1
  m_SelectedEditorRenderState: 3
  m_MinimumChartSize: 4
  m_AutoUVMaxDistance: 0.5
  m_AutoUVMaxAngle: 89
  m_LightmapParameters: {fileID: 0}
  m_SortingLayerID: 0
  m_SortingLayer: 0
  m_SortingOrder: 0
--- !u!64 &3670926539907915906
MeshCollider:
  m_ObjectHideFlags: 0
  m_CorrespondingSourceObject: {fileID: 0}
  m_PrefabInstance: {fileID: 0}
  m_PrefabAsset: {fileID: 0}
  m_GameObject: {fileID: 6897444446024815446}
  m_Material: {fileID: 0}
  m_IsTrigger: 0
  m_Enabled: 1
  serializedVersion: 4
  m_Convex: 1
  m_CookingOptions: 30
  m_Mesh: {fileID: -4009968808219775623, guid: c727110a0772ca84ca9752426680c6b9, type: 3}
--- !u!1 &7154824449435163122
GameObject:
  m_ObjectHideFlags: 0
  m_CorrespondingSourceObject: {fileID: 0}
  m_PrefabInstance: {fileID: 0}
  m_PrefabAsset: {fileID: 0}
  serializedVersion: 6
  m_Component:
  - component: {fileID: 950221667247822288}
  m_Layer: 0
  m_Name: AttachmentPoint (2)
  m_TagString: AttachmentPoint
  m_Icon: {fileID: -5442936267250999957, guid: 0000000000000000d000000000000000, type: 0}
  m_NavMeshLayer: 0
  m_StaticEditorFlags: 0
  m_IsActive: 0
--- !u!4 &950221667247822288
Transform:
  m_ObjectHideFlags: 0
  m_CorrespondingSourceObject: {fileID: 0}
  m_PrefabInstance: {fileID: 0}
  m_PrefabAsset: {fileID: 0}
  m_GameObject: {fileID: 7154824449435163122}
  m_LocalRotation: {x: -1, y: -0, z: -0, w: 0.00000044703478}
  m_LocalPosition: {x: -0.161, y: 1.01, z: 0.503}
  m_LocalScale: {x: 1, y: 1, z: 1}
  m_Children: []
  m_Father: {fileID: 9109082461899493156}
  m_RootOrder: 4
  m_LocalEulerAnglesHint: {x: -180, y: 0, z: 0}
--- !u!1 &7778329723623075283
GameObject:
  m_ObjectHideFlags: 0
  m_CorrespondingSourceObject: {fileID: 0}
  m_PrefabInstance: {fileID: 0}
  m_PrefabAsset: {fileID: 0}
  serializedVersion: 6
  m_Component:
  - component: {fileID: 4362683482736992844}
  - component: {fileID: 2514551951722057431}
  - component: {fileID: 948466650903371855}
  m_Layer: 9
  m_Name: Table
  m_TagString: Untagged
  m_Icon: {fileID: 0}
  m_NavMeshLayer: 0
  m_StaticEditorFlags: 0
  m_IsActive: 1
--- !u!4 &4362683482736992844
Transform:
  m_ObjectHideFlags: 0
  m_CorrespondingSourceObject: {fileID: 0}
  m_PrefabInstance: {fileID: 0}
  m_PrefabAsset: {fileID: 0}
  m_GameObject: {fileID: 7778329723623075283}
  m_LocalRotation: {x: 0, y: 0, z: 0, w: 1}
  m_LocalPosition: {x: -0.77328324, y: 0.25620487, z: -1.8172612}
  m_LocalScale: {x: 1, y: 1, z: 1}
  m_Children:
  - {fileID: 2532871624323231013}
  - {fileID: 8639437929022918645}
  m_Father: {fileID: 9109082461899493156}
  m_RootOrder: 2
  m_LocalEulerAnglesHint: {x: 0, y: 0, z: 0}
--- !u!114 &2514551951722057431
MonoBehaviour:
  m_ObjectHideFlags: 0
  m_CorrespondingSourceObject: {fileID: 0}
  m_PrefabInstance: {fileID: 0}
  m_PrefabAsset: {fileID: 0}
  m_GameObject: {fileID: 7778329723623075283}
  m_Enabled: 1
  m_EditorHideFlags: 0
  m_Script: {fileID: 11500000, guid: 02c7efa0fe214ae4297ab3339836cc31, type: 3}
  m_Name: 
  m_EditorClassIdentifier: 
--- !u!54 &948466650903371855
Rigidbody:
  m_ObjectHideFlags: 0
  m_CorrespondingSourceObject: {fileID: 0}
  m_PrefabInstance: {fileID: 0}
  m_PrefabAsset: {fileID: 0}
  m_GameObject: {fileID: 7778329723623075283}
  serializedVersion: 2
  m_Mass: 1
  m_Drag: 0.3
  m_AngularDrag: 0.3
  m_UseGravity: 1
  m_IsKinematic: 0
  m_Interpolate: 0
  m_Constraints: 0
  m_CollisionDetection: 3
--- !u!1 &8018077465823041943
GameObject:
  m_ObjectHideFlags: 0
  m_CorrespondingSourceObject: {fileID: 0}
  m_PrefabInstance: {fileID: 0}
  m_PrefabAsset: {fileID: 0}
  serializedVersion: 6
  m_Component:
  - component: {fileID: 466185861251799637}
  m_Layer: 0
  m_Name: AttachmentPoint (1)
  m_TagString: AttachmentPoint
  m_Icon: {fileID: -5442936267250999957, guid: 0000000000000000d000000000000000, type: 0}
  m_NavMeshLayer: 0
  m_StaticEditorFlags: 0
  m_IsActive: 0
--- !u!4 &466185861251799637
Transform:
  m_ObjectHideFlags: 0
  m_CorrespondingSourceObject: {fileID: 0}
  m_PrefabInstance: {fileID: 0}
  m_PrefabAsset: {fileID: 0}
  m_GameObject: {fileID: 8018077465823041943}
  m_LocalRotation: {x: -0.7071068, y: -0, z: -0, w: 0.7071068}
  m_LocalPosition: {x: -0.79, y: 0.518, z: -1.793}
  m_LocalScale: {x: 1, y: 1, z: 1}
  m_Children: []
  m_Father: {fileID: 9109082461899493156}
  m_RootOrder: 3
  m_LocalEulerAnglesHint: {x: -90, y: 0, z: 0}
--- !u!1 &8021014128808920506
GameObject:
  m_ObjectHideFlags: 0
  m_CorrespondingSourceObject: {fileID: 0}
  m_PrefabInstance: {fileID: 0}
  m_PrefabAsset: {fileID: 0}
  serializedVersion: 6
  m_Component:
  - component: {fileID: 1925279911067722500}
  - component: {fileID: 409842270038420998}
  - component: {fileID: 2466145086471404963}
  m_Layer: 9
  m_Name: Table
  m_TagString: Untagged
  m_Icon: {fileID: 0}
  m_NavMeshLayer: 0
  m_StaticEditorFlags: 0
  m_IsActive: 1
--- !u!4 &1925279911067722500
Transform:
  m_ObjectHideFlags: 0
  m_CorrespondingSourceObject: {fileID: 0}
  m_PrefabInstance: {fileID: 0}
  m_PrefabAsset: {fileID: 0}
  m_GameObject: {fileID: 8021014128808920506}
  m_LocalRotation: {x: 0, y: 0, z: 0, w: 1}
  m_LocalPosition: {x: 0.02437523, y: 1, z: 1.1914852}
  m_LocalScale: {x: 1, y: 1, z: 1}
  m_Children:
  - {fileID: 210118377438058191}
  - {fileID: 5846596684300824048}
  - {fileID: 8598282012507636459}
  - {fileID: 7443119500319154103}
  m_Father: {fileID: 9109082461899493156}
  m_RootOrder: 0
  m_LocalEulerAnglesHint: {x: 0, y: 0, z: 0}
--- !u!114 &409842270038420998
MonoBehaviour:
  m_ObjectHideFlags: 0
  m_CorrespondingSourceObject: {fileID: 0}
  m_PrefabInstance: {fileID: 0}
  m_PrefabAsset: {fileID: 0}
  m_GameObject: {fileID: 8021014128808920506}
  m_Enabled: 1
  m_EditorHideFlags: 0
  m_Script: {fileID: 11500000, guid: 02c7efa0fe214ae4297ab3339836cc31, type: 3}
  m_Name: 
  m_EditorClassIdentifier: 
--- !u!54 &2466145086471404963
Rigidbody:
  m_ObjectHideFlags: 0
  m_CorrespondingSourceObject: {fileID: 0}
  m_PrefabInstance: {fileID: 0}
  m_PrefabAsset: {fileID: 0}
  m_GameObject: {fileID: 8021014128808920506}
  serializedVersion: 2
  m_Mass: 1
  m_Drag: 0.3
  m_AngularDrag: 0.3
  m_UseGravity: 1
  m_IsKinematic: 0
  m_Interpolate: 0
  m_Constraints: 0
  m_CollisionDetection: 3
--- !u!1 &8562548617009736733
GameObject:
  m_ObjectHideFlags: 0
  m_CorrespondingSourceObject: {fileID: 0}
  m_PrefabInstance: {fileID: 0}
  m_PrefabAsset: {fileID: 0}
  serializedVersion: 6
  m_Component:
  - component: {fileID: 5846596684300824048}
  - component: {fileID: 7884305978984270811}
  - component: {fileID: 3572280036059352331}
  - component: {fileID: 807777442279672316}
  m_Layer: 9
  m_Name: Table.001
  m_TagString: Untagged
  m_Icon: {fileID: 0}
  m_NavMeshLayer: 0
  m_StaticEditorFlags: 0
  m_IsActive: 1
--- !u!4 &5846596684300824048
Transform:
  m_ObjectHideFlags: 0
  m_CorrespondingSourceObject: {fileID: 0}
  m_PrefabInstance: {fileID: 0}
  m_PrefabAsset: {fileID: 0}
  m_GameObject: {fileID: 8562548617009736733}
  m_LocalRotation: {x: -0.7071068, y: -0, z: -0, w: 0.7071067}
  m_LocalPosition: {x: 0.7446356, y: -0.5713613, z: 0.65101624}
  m_LocalScale: {x: 1, y: 1, z: 1}
  m_Children: []
  m_Father: {fileID: 1925279911067722500}
  m_RootOrder: 1
  m_LocalEulerAnglesHint: {x: 0, y: 0, z: 0}
--- !u!33 &7884305978984270811
MeshFilter:
  m_ObjectHideFlags: 0
  m_CorrespondingSourceObject: {fileID: 0}
  m_PrefabInstance: {fileID: 0}
  m_PrefabAsset: {fileID: 0}
  m_GameObject: {fileID: 8562548617009736733}
  m_Mesh: {fileID: 2700354272823574166, guid: c727110a0772ca84ca9752426680c6b9, type: 3}
--- !u!23 &3572280036059352331
MeshRenderer:
  m_ObjectHideFlags: 0
  m_CorrespondingSourceObject: {fileID: 0}
  m_PrefabInstance: {fileID: 0}
  m_PrefabAsset: {fileID: 0}
  m_GameObject: {fileID: 8562548617009736733}
  m_Enabled: 1
  m_CastShadows: 1
  m_ReceiveShadows: 1
  m_DynamicOccludee: 1
  m_MotionVectors: 1
  m_LightProbeUsage: 1
  m_ReflectionProbeUsage: 1
  m_RayTracingMode: 2
  m_RenderingLayerMask: 1
  m_RendererPriority: 0
  m_Materials:
  - {fileID: 2100000, guid: 6bc6a59c61702e74fafc91528a21cb6f, type: 2}
  m_StaticBatchInfo:
    firstSubMesh: 0
    subMeshCount: 0
  m_StaticBatchRoot: {fileID: 0}
  m_ProbeAnchor: {fileID: 0}
  m_LightProbeVolumeOverride: {fileID: 0}
  m_ScaleInLightmap: 1
  m_ReceiveGI: 1
  m_PreserveUVs: 0
  m_IgnoreNormalsForChartDetection: 0
  m_ImportantGI: 0
  m_StitchLightmapSeams: 1
  m_SelectedEditorRenderState: 3
  m_MinimumChartSize: 4
  m_AutoUVMaxDistance: 0.5
  m_AutoUVMaxAngle: 89
  m_LightmapParameters: {fileID: 0}
  m_SortingLayerID: 0
  m_SortingLayer: 0
  m_SortingOrder: 0
--- !u!64 &807777442279672316
MeshCollider:
  m_ObjectHideFlags: 0
  m_CorrespondingSourceObject: {fileID: 0}
  m_PrefabInstance: {fileID: 0}
  m_PrefabAsset: {fileID: 0}
  m_GameObject: {fileID: 8562548617009736733}
  m_Material: {fileID: 0}
  m_IsTrigger: 0
  m_Enabled: 1
  serializedVersion: 4
  m_Convex: 1
  m_CookingOptions: 30
  m_Mesh: {fileID: 2700354272823574166, guid: c727110a0772ca84ca9752426680c6b9, type: 3}
--- !u!1001 &578719426861909451
PrefabInstance:
  m_ObjectHideFlags: 0
  serializedVersion: 2
  m_Modification:
    m_TransformParent: {fileID: 2050503171841089805}
    m_Modifications:
    - target: {fileID: 428870785229440584, guid: 74905258b8668db4d862294f5a13b447,
        type: 3}
      propertyPath: m_Name
      value: AttachmentPoint
      objectReference: {fileID: 0}
    - target: {fileID: 1282167659058350034, guid: 74905258b8668db4d862294f5a13b447,
        type: 3}
      propertyPath: m_LocalPosition.x
      value: -0.8143753
      objectReference: {fileID: 0}
    - target: {fileID: 1282167659058350034, guid: 74905258b8668db4d862294f5a13b447,
        type: 3}
      propertyPath: m_LocalPosition.y
      value: -0.482
      objectReference: {fileID: 0}
    - target: {fileID: 1282167659058350034, guid: 74905258b8668db4d862294f5a13b447,
        type: 3}
      propertyPath: m_LocalPosition.z
      value: -1.3126903
      objectReference: {fileID: 0}
    - target: {fileID: 1282167659058350034, guid: 74905258b8668db4d862294f5a13b447,
        type: 3}
      propertyPath: m_LocalRotation.x
      value: 0.7071069
      objectReference: {fileID: 0}
    - target: {fileID: 1282167659058350034, guid: 74905258b8668db4d862294f5a13b447,
        type: 3}
      propertyPath: m_LocalRotation.y
      value: 0
      objectReference: {fileID: 0}
    - target: {fileID: 1282167659058350034, guid: 74905258b8668db4d862294f5a13b447,
        type: 3}
      propertyPath: m_LocalRotation.z
      value: 0
      objectReference: {fileID: 0}
    - target: {fileID: 1282167659058350034, guid: 74905258b8668db4d862294f5a13b447,
        type: 3}
      propertyPath: m_LocalRotation.w
      value: 0.70710677
      objectReference: {fileID: 0}
    - target: {fileID: 1282167659058350034, guid: 74905258b8668db4d862294f5a13b447,
        type: 3}
      propertyPath: m_RootOrder
      value: 4
      objectReference: {fileID: 0}
    - target: {fileID: 1282167659058350034, guid: 74905258b8668db4d862294f5a13b447,
        type: 3}
      propertyPath: m_LocalEulerAnglesHint.x
      value: 0
      objectReference: {fileID: 0}
    - target: {fileID: 1282167659058350034, guid: 74905258b8668db4d862294f5a13b447,
        type: 3}
      propertyPath: m_LocalEulerAnglesHint.y
      value: 0
      objectReference: {fileID: 0}
    - target: {fileID: 1282167659058350034, guid: 74905258b8668db4d862294f5a13b447,
        type: 3}
      propertyPath: m_LocalEulerAnglesHint.z
      value: 0
      objectReference: {fileID: 0}
    - target: {fileID: 8814622139619343384, guid: 74905258b8668db4d862294f5a13b447,
        type: 3}
      propertyPath: correctAttachment
      value: 
      objectReference: {fileID: 2052950485061973055}
    m_RemovedComponents: []
  m_SourcePrefab: {fileID: 100100000, guid: 74905258b8668db4d862294f5a13b447, type: 3}
--- !u!114 &8240411265646016979 stripped
MonoBehaviour:
  m_CorrespondingSourceObject: {fileID: 8814622139619343384, guid: 74905258b8668db4d862294f5a13b447,
    type: 3}
  m_PrefabInstance: {fileID: 578719426861909451}
  m_PrefabAsset: {fileID: 0}
  m_GameObject: {fileID: 0}
  m_Enabled: 1
  m_EditorHideFlags: 0
  m_Script: {fileID: 11500000, guid: b46793bc3c3fcf94aa14dd5e0a4fcef5, type: 3}
  m_Name: 
  m_EditorClassIdentifier: 
--- !u!4 &1856374690043527705 stripped
Transform:
  m_CorrespondingSourceObject: {fileID: 1282167659058350034, guid: 74905258b8668db4d862294f5a13b447,
    type: 3}
  m_PrefabInstance: {fileID: 578719426861909451}
  m_PrefabAsset: {fileID: 0}
--- !u!1001 &5982745736647571001
PrefabInstance:
  m_ObjectHideFlags: 0
  serializedVersion: 2
  m_Modification:
    m_TransformParent: {fileID: 2050503171841089805}
    m_Modifications:
    - target: {fileID: 428870785229440584, guid: 74905258b8668db4d862294f5a13b447,
        type: 3}
      propertyPath: m_Name
      value: AttachmentPoint
      objectReference: {fileID: 0}
    - target: {fileID: 1282167659058350034, guid: 74905258b8668db4d862294f5a13b447,
        type: 3}
      propertyPath: m_LocalPosition.x
      value: -0.18537521
      objectReference: {fileID: 0}
    - target: {fileID: 1282167659058350034, guid: 74905258b8668db4d862294f5a13b447,
        type: 3}
      propertyPath: m_LocalPosition.y
      value: 0.00999999
      objectReference: {fileID: 0}
    - target: {fileID: 1282167659058350034, guid: 74905258b8668db4d862294f5a13b447,
        type: 3}
      propertyPath: m_LocalPosition.z
      value: 0.98330975
      objectReference: {fileID: 0}
    - target: {fileID: 1282167659058350034, guid: 74905258b8668db4d862294f5a13b447,
        type: 3}
      propertyPath: m_LocalRotation.x
      value: 0.0000004907462
      objectReference: {fileID: 0}
    - target: {fileID: 1282167659058350034, guid: 74905258b8668db4d862294f5a13b447,
        type: 3}
      propertyPath: m_LocalRotation.y
      value: 0
      objectReference: {fileID: 0}
    - target: {fileID: 1282167659058350034, guid: 74905258b8668db4d862294f5a13b447,
        type: 3}
      propertyPath: m_LocalRotation.z
      value: 0
      objectReference: {fileID: 0}
    - target: {fileID: 1282167659058350034, guid: 74905258b8668db4d862294f5a13b447,
        type: 3}
      propertyPath: m_LocalRotation.w
      value: 1
      objectReference: {fileID: 0}
    - target: {fileID: 1282167659058350034, guid: 74905258b8668db4d862294f5a13b447,
        type: 3}
      propertyPath: m_RootOrder
      value: 5
      objectReference: {fileID: 0}
    - target: {fileID: 1282167659058350034, guid: 74905258b8668db4d862294f5a13b447,
        type: 3}
      propertyPath: m_LocalEulerAnglesHint.x
      value: 0
      objectReference: {fileID: 0}
    - target: {fileID: 1282167659058350034, guid: 74905258b8668db4d862294f5a13b447,
        type: 3}
      propertyPath: m_LocalEulerAnglesHint.y
      value: 0
      objectReference: {fileID: 0}
    - target: {fileID: 1282167659058350034, guid: 74905258b8668db4d862294f5a13b447,
        type: 3}
      propertyPath: m_LocalEulerAnglesHint.z
      value: 0
      objectReference: {fileID: 0}
    - target: {fileID: 8814622139619343384, guid: 74905258b8668db4d862294f5a13b447,
        type: 3}
      propertyPath: correctAttachment
      value: 
      objectReference: {fileID: 924290512933446781}
    m_RemovedComponents: []
  m_SourcePrefab: {fileID: 100100000, guid: 74905258b8668db4d862294f5a13b447, type: 3}
--- !u!4 &4813740237932376555 stripped
Transform:
  m_CorrespondingSourceObject: {fileID: 1282167659058350034, guid: 74905258b8668db4d862294f5a13b447,
    type: 3}
  m_PrefabInstance: {fileID: 5982745736647571001}
  m_PrefabAsset: {fileID: 0}
--- !u!114 &2978339157158496801 stripped
MonoBehaviour:
  m_CorrespondingSourceObject: {fileID: 8814622139619343384, guid: 74905258b8668db4d862294f5a13b447,
    type: 3}
  m_PrefabInstance: {fileID: 5982745736647571001}
  m_PrefabAsset: {fileID: 0}
  m_GameObject: {fileID: 0}
  m_Enabled: 1
  m_EditorHideFlags: 0
  m_Script: {fileID: 11500000, guid: b46793bc3c3fcf94aa14dd5e0a4fcef5, type: 3}
  m_Name: 
  m_EditorClassIdentifier: 
--- !u!1001 &7362927669758412839
PrefabInstance:
  m_ObjectHideFlags: 0
  serializedVersion: 2
  m_Modification:
    m_TransformParent: {fileID: 4362683482736992844}
    m_Modifications:
    - target: {fileID: 428870785229440584, guid: 74905258b8668db4d862294f5a13b447,
        type: 3}
      propertyPath: m_Name
      value: AttachmentPoint
      objectReference: {fileID: 0}
    - target: {fileID: 1282167659058350034, guid: 74905258b8668db4d862294f5a13b447,
        type: 3}
      propertyPath: m_LocalPosition.x
      value: -0.016716838
      objectReference: {fileID: 0}
    - target: {fileID: 1282167659058350034, guid: 74905258b8668db4d862294f5a13b447,
        type: 3}
      propertyPath: m_LocalPosition.y
      value: 0.26179513
      objectReference: {fileID: 0}
    - target: {fileID: 1282167659058350034, guid: 74905258b8668db4d862294f5a13b447,
        type: 3}
      propertyPath: m_LocalPosition.z
      value: 0.024261236
      objectReference: {fileID: 0}
    - target: {fileID: 1282167659058350034, guid: 74905258b8668db4d862294f5a13b447,
        type: 3}
      propertyPath: m_LocalRotation.x
      value: -0.7071068
      objectReference: {fileID: 0}
    - target: {fileID: 1282167659058350034, guid: 74905258b8668db4d862294f5a13b447,
        type: 3}
      propertyPath: m_LocalRotation.y
      value: -0
      objectReference: {fileID: 0}
    - target: {fileID: 1282167659058350034, guid: 74905258b8668db4d862294f5a13b447,
        type: 3}
      propertyPath: m_LocalRotation.z
      value: -0
      objectReference: {fileID: 0}
    - target: {fileID: 1282167659058350034, guid: 74905258b8668db4d862294f5a13b447,
        type: 3}
      propertyPath: m_LocalRotation.w
      value: 0.7071068
      objectReference: {fileID: 0}
    - target: {fileID: 1282167659058350034, guid: 74905258b8668db4d862294f5a13b447,
        type: 3}
      propertyPath: m_RootOrder
      value: 1
      objectReference: {fileID: 0}
    - target: {fileID: 1282167659058350034, guid: 74905258b8668db4d862294f5a13b447,
        type: 3}
      propertyPath: m_LocalEulerAnglesHint.x
      value: 0
      objectReference: {fileID: 0}
    - target: {fileID: 1282167659058350034, guid: 74905258b8668db4d862294f5a13b447,
        type: 3}
      propertyPath: m_LocalEulerAnglesHint.y
      value: 0
      objectReference: {fileID: 0}
    - target: {fileID: 1282167659058350034, guid: 74905258b8668db4d862294f5a13b447,
        type: 3}
      propertyPath: m_LocalEulerAnglesHint.z
      value: 0
      objectReference: {fileID: 0}
    - target: {fileID: 8814622139619343384, guid: 74905258b8668db4d862294f5a13b447,
        type: 3}
      propertyPath: correctAttachment
      value: 
      objectReference: {fileID: 8240411265646016979}
    m_RemovedComponents: []
  m_SourcePrefab: {fileID: 100100000, guid: 74905258b8668db4d862294f5a13b447, type: 3}
--- !u!4 &8639437929022918645 stripped
Transform:
  m_CorrespondingSourceObject: {fileID: 1282167659058350034, guid: 74905258b8668db4d862294f5a13b447,
    type: 3}
  m_PrefabInstance: {fileID: 7362927669758412839}
  m_PrefabAsset: {fileID: 0}
--- !u!114 &2052950485061973055 stripped
MonoBehaviour:
  m_CorrespondingSourceObject: {fileID: 8814622139619343384, guid: 74905258b8668db4d862294f5a13b447,
    type: 3}
  m_PrefabInstance: {fileID: 7362927669758412839}
  m_PrefabAsset: {fileID: 0}
  m_GameObject: {fileID: 0}
  m_Enabled: 1
  m_EditorHideFlags: 0
  m_Script: {fileID: 11500000, guid: b46793bc3c3fcf94aa14dd5e0a4fcef5, type: 3}
  m_Name: 
  m_EditorClassIdentifier: 
--- !u!1001 &8538940829054834789
PrefabInstance:
  m_ObjectHideFlags: 0
  serializedVersion: 2
  m_Modification:
    m_TransformParent: {fileID: 1925279911067722500}
    m_Modifications:
    - target: {fileID: 428870785229440584, guid: 74905258b8668db4d862294f5a13b447,
        type: 3}
      propertyPath: m_Name
      value: AttachmentPoint
      objectReference: {fileID: 0}
    - target: {fileID: 1282167659058350034, guid: 74905258b8668db4d862294f5a13b447,
        type: 3}
      propertyPath: m_LocalPosition.x
      value: -0.18537521
      objectReference: {fileID: 0}
    - target: {fileID: 1282167659058350034, guid: 74905258b8668db4d862294f5a13b447,
        type: 3}
      propertyPath: m_LocalPosition.y
      value: 0.00999999
      objectReference: {fileID: 0}
    - target: {fileID: 1282167659058350034, guid: 74905258b8668db4d862294f5a13b447,
        type: 3}
      propertyPath: m_LocalPosition.z
      value: -0.68848515
      objectReference: {fileID: 0}
    - target: {fileID: 1282167659058350034, guid: 74905258b8668db4d862294f5a13b447,
        type: 3}
      propertyPath: m_LocalRotation.x
      value: -1
      objectReference: {fileID: 0}
    - target: {fileID: 1282167659058350034, guid: 74905258b8668db4d862294f5a13b447,
        type: 3}
      propertyPath: m_LocalRotation.y
      value: -0
      objectReference: {fileID: 0}
    - target: {fileID: 1282167659058350034, guid: 74905258b8668db4d862294f5a13b447,
        type: 3}
      propertyPath: m_LocalRotation.z
      value: -0
      objectReference: {fileID: 0}
    - target: {fileID: 1282167659058350034, guid: 74905258b8668db4d862294f5a13b447,
        type: 3}
      propertyPath: m_LocalRotation.w
      value: 0.00000044703478
      objectReference: {fileID: 0}
    - target: {fileID: 1282167659058350034, guid: 74905258b8668db4d862294f5a13b447,
        type: 3}
      propertyPath: m_RootOrder
      value: 3
      objectReference: {fileID: 0}
    - target: {fileID: 1282167659058350034, guid: 74905258b8668db4d862294f5a13b447,
        type: 3}
      propertyPath: m_LocalEulerAnglesHint.x
      value: 0
      objectReference: {fileID: 0}
    - target: {fileID: 1282167659058350034, guid: 74905258b8668db4d862294f5a13b447,
        type: 3}
      propertyPath: m_LocalEulerAnglesHint.y
      value: 0
      objectReference: {fileID: 0}
    - target: {fileID: 1282167659058350034, guid: 74905258b8668db4d862294f5a13b447,
        type: 3}
      propertyPath: m_LocalEulerAnglesHint.z
      value: 0
      objectReference: {fileID: 0}
    - target: {fileID: 8814622139619343384, guid: 74905258b8668db4d862294f5a13b447,
        type: 3}
      propertyPath: correctAttachment
      value: 
      objectReference: {fileID: 2978339157158496801}
    m_RemovedComponents: []
  m_SourcePrefab: {fileID: 100100000, guid: 74905258b8668db4d862294f5a13b447, type: 3}
--- !u!4 &7443119500319154103 stripped
Transform:
  m_CorrespondingSourceObject: {fileID: 1282167659058350034, guid: 74905258b8668db4d862294f5a13b447,
    type: 3}
  m_PrefabInstance: {fileID: 8538940829054834789}
  m_PrefabAsset: {fileID: 0}
--- !u!114 &924290512933446781 stripped
MonoBehaviour:
  m_CorrespondingSourceObject: {fileID: 8814622139619343384, guid: 74905258b8668db4d862294f5a13b447,
    type: 3}
  m_PrefabInstance: {fileID: 8538940829054834789}
  m_PrefabAsset: {fileID: 0}
  m_GameObject: {fileID: 0}
  m_Enabled: 1
  m_EditorHideFlags: 0
  m_Script: {fileID: 11500000, guid: b46793bc3c3fcf94aa14dd5e0a4fcef5, type: 3}
  m_Name: 
  m_EditorClassIdentifier: 
